2975 3963
1526 191 1554 232 2

368 329 694 385 interpolatione
744 329 992 372 foedissima
1031 331 1167 380 caret,
1212 338 1296 383 qua
1335 328 1380 371 in
1429 328 1684 372 editionibus
1731 330 1775 371 et
1813 328 2115 371 recentioribus
2155 328 2369 372 codicibus
2409 331 2717 380 sententiarum

369 424 500 455 nexus
528 411 713 466 pessime
742 411 1027 466 perturbatur.

577 491 642 534 De
672 490 754 543 his,
795 491 948 546 quippe
978 489 1086 545 quae
1116 490 1202 531 iam
1233 489 1286 531 ab
1317 489 1606 532 Helmreichio
1646 489 1766 532 uncis
1805 489 1995 532 inclusae
2036 488 2136 540 sint,
2177 490 2284 533 nihil
2321 490 2573 535 addendum.
2632 492 2715 538 Sed

368 571 545 614 alterius
575 572 743 626 generis
774 571 1089 625 scripturarum,
1131 581 1213 624 quo
1245 569 1398 611 ceteris
1428 569 1761 611 Laurentianum
1791 570 2006 623 praestare
2038 568 2241 621 diximus,
2288 571 2527 626 exemplum
2568 573 2714 616 afferre

368 652 510 703 liceat,
541 651 668 706 idque
698 649 1088 705 splendidissimum
1119 661 1168 692 ac
1199 649 1512 704 gravissimum.
2671 656 2673 659 ·

576 731 797 786 Leguntur
833 729 945 772 enim
983 729 1096 784 apud
1126 729 1372 772 Kuehnium
1404 729 1522 771 Tom.
1557 729 1606 772 V.
1636 741 1732 783 pag.
1765 728 1850 772 903
1879 729 2004 771 haec:
2042 726 2191 785 ,,τοότῳ
2221 728 2265 771 δὲ
2295 729 2361 773 καὶ
2400 730 2521 789 ὀσφὺς
2550 733 2715 777 τείνεται

369 813 556 868 σφοδρῶς,
614 809 680 852 καὶ
711 810 830 865 σκέλη
860 809 998 866 ἑδραῖοι
1027 812 1095 864 τῆς
1126 808 1278 866 βάσεως
1309 812 1349 853 ἐν
1378 813 1433 866 τῷ
1463 808 1627 865 τοιούτῳ
1656 808 1788 866 πόνῳι*
1829 809 1879 851 de
1918 809 2069 863 quibus
2110 809 2308 852 sanandis
2348 810 2438 865 ipse
2469 812 2715 859 Helmreich

370 893 621 947 desperavit.
682 892 741 933 At
770 889 882 946 sugit
912 890 1050 932 virum
1083 890 1388 942 doctissimum,
1426 891 1469 932 in
1503 891 1784 933 Laurentiano
1826 889 1967 932 codice
2007 889 2112 932 haec
2151 891 2280 933 verba
2318 890 2431 933 huuc
2469 892 2511 934 in
2543 895 2714 938 modum

370 1008 527 1062 scripta
557 1009 721 1050 extare:
756 1030 806 1036 —
842 987 1005 1062 σκέληῷ
1040 988 1199 1063 ἑδραῖοιτ
1227 1007 1305 1048 δεῖ
1330 1009 1396 1062 τῆς
1428 1005 1592 1062 βάσεως,
1623 1005 1776 1060 quibus
1806 1005 1850 1048 in
1881 1005 2070 1061 margine
2102 988 2258 1060 signo÷
2299 1006 2478 1062 repetito
2499 1019 2574 1062 per
2597 1020 2713 1052 com-

367 1088 521 1143 pendia.
551 1088 765 1151 adscripta
796 1091 896 1130 sunt
924 1086 991 1129 καὶ
1020 1088 1093 1144 γὰρ
1124 1084 1190 1129 οὖν
1220 1085 1296 1129 καὶ.
1358 1087 1474 1140 Quae
1506 1088 1549 1129 in
1579 1086 1721 1129 locum
1763 1099 1886 1128 suum
1925 1087 1959 1128 si
1999 1087 2238 1138 inserueris,
2286 1087 2428 1129 omnia
2470 1091 2583 1131 recte
2613 1102 2711 1142 pro-

370 1169 537 1211 cedent:
584 1166 709 1224 τούτῳ
747 1166 791 1210 δὲ
829 1166 895 1210 καὶ
936 1166 1052 1225 ὀςφύς
1091 1165 1254 1209 τείνεται
1292 1168 1465 1225 σφοδρῶς
1504 1164 1570 1209 καὶ
1608 1165 1737 1222 σκέλη.
1807 1164 1893 1209 καὶ
1933 1166 2026 1223 γὰρ
2067 1162 2151 1210 οὖν
2191 1165 2273 1210 καὶ
2313 1166 2605 1224 ἑδραιοτοὶτης
2636 1170 2718 1211 δεῖ

367 1253 434 1301 τῆς
465 1247 619 1305 βάσεως
650 1249 691 1290 ἐν
721 1252 777 1305 τῷ
801 1247 964 1304 τοιούτῳ
994 1247 1111 1304 πόνῳ.

577 1329 671 1371 Ηοο
696 1329 789 1371 loco
813 1329 994 1383 aliisque
1017 1327 1308 1370 huiuscemodi
1333 1330 1451 1370 vetor
1482 1340 1578 1371 cum
1597 1327 2053 1378 Helmreichiofacere,
2085 1327 2217 1382 quiin
2238 1326 2498 1382 praefatione
2515 1329 2713 1373 editionis

369 1422 470 1452 suae
492 1421 619 1465 pagg.
641 1411 668 1451 3
688 1413 730 1451 et
751 1410 778 1451 ὃ
800 1409 1029 1460 contendit,
1060 1409 1406 1459 Laurentianum,
1428 1420 1681 1463 quamquam
1703 1408 1892 1451 bonitate
1912 1407 2143 1462 scripturae
2163 1410 2205 1451 et
2226 1410 2366 1452 aetate
2386 1411 2546 1453 ceteros
2568 1422 2713 1453 omnes

368 1491 493 1543 longe
510 1492 749 1552 superaret,
770 1491 914 1530 tamen
934 1501 982 1530 ex
1000 1489 1159 1539 eodem,
1191 1501 1273 1542 quo
1291 1491 1466 1538 ceteros,
1500 1488 1615 1530 fonte
1632 1488 1814 1530 fluxisse.
1875 1488 2011 1530 Immo
2027 1500 2126 1529 vero
2148 1491 2319 1541 propter
2335 1500 2419 1539 eas,
2452 1501 2555 1542 quas
2587 1490 2713 1532 attuli

370 1581 531 1620 causas,
568 1581 642 1623 pro
675 1571 789 1611 certo
828 1567 975 1611 haberi
1005 1571 1159 1623 potest,
1201 1568 1477 1611 Laurentiani
1519 1568 1743 1622 archetypo
1783 1581 1879 1610 cum
1921 1568 2070 1610 ceteris
2111 1568 2281 1610 omniuo
2323 1569 2488 1610 nullam
2530 1571 2712 1612 interce-

371 1651 468 1691 dere
500 1648 854 1691 communionem.

575 1730 634 1770 At
671 1732 816 1770 tamen
854 1742 906 1769 ne
949 1729 1224 1770 Laurentiani
1264 1730 1432 1782 quidem
1474 1730 1726 1770 auctoritate
1773 1729 1914 1770 omnia
1952 1729 2056 1770 vitia
2102 1728 2241 1770 sanari
2282 1731 2472 1784 possunt.
2534 1729 2712 1772 Restant

368 1810 516 1864 multa,
547 1809 701 1863 quibus
732 1809 944 1850 medicina
975 1821 1023 1849 ex
1055 1810 1294 1851 coniectura
1326 1810 1565 1863 quaerenda
1597 1809 1664 1852 sit.
1727 1808 1914 1862 Quorum
1945 1808 1988 1850 in
2019 1820 2239 1851 numerum
2272 1820 2322 1852 ea
2351 1809 2532 1853 maxime
2563 1809 2713 1861 refero,

368 1902 475 1946 quae
507 1892 846 1945 interpunctione
878 1890 988 1932 male
1018 1890 1156 1945 posita
1186 1893 1280 1933 orta
1310 1892 1421 1933 sunt.
1482 1890 1541 1933 Ut
1571 1890 1695 1933 huius
1731 1901 1893 1945 quoque
1925 1890 1985 1933 rei
2017 1890 2255 1944 exemplum
2281 1890 2583 1934 nitidissimum
2614 1890 2717 1934 affe-

367 1983 472 2021 ram,
514 1972 670 2021 videas,
703 1983 871 2025 quaeso,
909 1981 1016 2024 quae
1047 1971 1157 2024 apud
1187 1971 1433 2013 Kuehnium
1463 1982 1558 2025 pag.
1591 1970 1676 2013 903
1706 1970 1925 2025 leguntur:
1971 1968 2038 2020 „16
2069 1967 2113 2011 δὲ
2142 1967 2209 2012 καὶ
2238 1968 2457 2027 προβαίνειν
2487 1968 2553 2013 καὶ
2585 1970 2638 2019 εἷς
2668 1970 2716 2014 τά

366 2050 513 2107 πλάγια
544 2052 769 2106 μεταπηδᾶν
800 2049 846 2091 οὐ
878 2050 1034 2106 σμικρὸν
1076 2053 1221 2092 σκελῶν
1251 2050 1468 2106 γυμνάσιον.
1540 2050 1639 2104 Cap.
1672 2051 1747 2093 III.
1776 2048 1889 2099 Ἀλλ’,
1929 2050 1962 2092 εἰ
2002 2050 2080 2107 χρὴ
2112 2048 2282 2105 τάληθὲς
2314 2051 2445 2101 εἰπεῖν,
2492 2050 2606 2106 μόνον
2637 2049 2717 2093 ἐστὶ

366 2130 608 2174 δικαιότατον
637 2134 763 2174 κινοῦν
793 2129 900 2173 πάντ’
936 2128 1060 2173 αὐτῶν
1090 2130 1138 2173 τὰ
1170 2130 1322 2188 μόρια.“
1384 2132 1500 2184 Quae
1533 2144 1628 2174 cum
1656 2143 1680 2173 a
1704 2131 1820 2173 nullo
1847 2134 1961 2173 recte
1988 2131 2350 2184 intellegerentur,
2382 2132 2456 2173 alii
2484 2133 2568 2173 alio
2592 2133 2716 2173 modo

367 2212 460 2254 loco
493 2223 733 2253 succurrere
764 2211 1030 2252 studuerunt.

574 2291 633 2332 At
663 2290 766 2332 tolle
797 2290 946 2343 puncti
976 2290 1157 2343 signum,
1196 2291 1306 2343 quod
1336 2294 1432 2344 post
1461 2289 1667 2344 γυμνάσιον
1698 2290 1839 2331 locum
1879 2290 2033 2331 habere
2065 2302 2146 2331 non
2177 2293 2331 2343 potest,
2370 2293 2413 2331 et
2444 2291 2578 2332 oratio
2611 2290 2716 2331 bene

367 2370 583 2424 procedet:
623 2369 690 2420 ,,τὸ
722 2368 765 2411 δὲ
796 2367 862 2411 καὶ
892 2368 1111 2426 προβαίνειν
1142 2395 1198 2401 -
1229 2369 1275 2412 οὐ
1306 2370 1439 2425 μικρὸν
1471 2373 1616 2411 σκελῶν
1646 2369 1864 2424 γυμνάσιον,
1906 2368 2004 2417 ἀλλ’,
2037 2370 2069 2411 εἰ
2100 2370 2178 2426 χρὴ
2220 2368 2390 2424 τάληθὲς
2429 2370 2559 2419 εἰπεῖν,
2603 2369 2717 2425 μόνον

367 2449 595 2492 δικαιότατα
625 2450 697 2504 (L)
727 2453 853 2492 κινοῦν
884 2448 991 2492 πάντ’
1026 2449 1150 2492 αὐτῶν
1182 2450 1291 2504 (scil.
1323 2453 1396 2492 τῶν
1427 2449 1590 2505 σκελῶν)
1620 2449 1666 2491 τὰ
1699 2448 1852 2505 μόρια.“

577 2529 658 2571 Sed
690 2532 843 2580 cetera,
875 2542 981 2584 quae
1004 2530 1125 2573 nobis
1156 2534 1230 2572 aut
1255 2531 1460 2573 mutanda
1490 2533 1564 2572 aut
1588 2530 1862 2584 expungenda
1879 2529 2141 2580 videbantur,
2173 2529 2245 2583 qui
2270 2529 2498 2572 editionem
2529 2532 2716 2573 nostram

369 2622 465 2652 cum
495 2610 838 2653 Helmreichiana
869 2622 1112 2665 comparare
1142 2611 1339 2662 voluerit,
1371 2611 1497 2653 facile
1530 2610 1726 2652 inveniet.

576 2690 740 2741 Restat,
772 2693 819 2733 ut
848 2690 961 2733 Viris
992 2691 1173 2734 maxime
1204 2691 1454 2734 venerandis
1486 2692 1529 2733 et
1560 2702 1737 2741 summa,
1768 2702 1850 2745 qua
1880 2691 1924 2733 in
1954 2703 2094 2733 meam
2124 2691 2306 2746 gratiam
2331 2690 2496 2733 codices
2523 2703 2718 2733 excusse-

369 2773 468 2813 runt
498 2783 581 2813 non
612 2771 736 2813 modo
769 2771 989 2823 diligentia
1019 2772 1253 2815 sedetiam
1276 2771 1535 2813 liberalitate
1568 2771 1723 2824 optime
1755 2771 1804 2812 de
1831 2783 1898 2812 me
1929 2771 2106 2819 meritis,
2137 2771 2250 2813 Viris
2281 2771 2551 2813 Doctissimis
2568 2771 2717 2813 Vitelli

370 2853 413 2893 et
443 2849 629 2893 Schoene
659 2850 739 2894 hoc
770 2850 863 2894 loco
895 2851 1054 2906 gratias
1085 2863 1210 2905 agam
1242 2864 1369 2906 quam
1401 2863 1633 2894 maxumas.
