2975 3963
1413 194 1467 235 lo

262 334 423 377 lineam
451 331 746 377 transmissam
777 341 883 372 esse.
953 328 1045 382 Quo
1087 329 1203 372 facto
1242 330 1372 373 etiam
1410 331 1546 373 altera
1584 342 1682 385 pars
1720 331 1901 374 reiectae
1937 332 2050 385 pilae
2081 331 2249 375 obviam
2279 334 2420 387 prodit
2449 338 2493 377 et
2522 347 2612 389 quo

264 410 440 466 quisque
469 408 563 451 loco
592 404 725 459 pilam
756 415 831 446 seu
858 415 934 458 per
972 415 1114 446 aerem
1143 403 1359 447 volantem
1398 405 1486 448 sive
1523 405 1568 448 in
1605 407 1719 447 terra
1758 408 2000 448 currentem
2028 407 2202 460 excepit,
2239 408 2282 450 in
2314 419 2364 451 eo
2394 420 2478 451 una
2507 421 2605 452 cum

264 485 389 529 sociis
419 479 614 526 subsistit
643 480 894 532 captamque
924 478 1177 521 adversariis
1206 479 1358 522 reddit.

470 554 540 600 Sic
575 552 702 596 ludus
740 551 878 607 magis
920 552 1140 608 magisque
1177 554 1369 608 procedit
1407 567 1540 609 neque
1584 553 1701 609 prius
1746 554 1800 597 ad
1845 553 1973 597 finem
2012 554 2267 609 perducitur,
2312 569 2437 611 quam
2477 557 2601 601 alteri

263 636 418 680 alteros
448 634 566 675 trans
595 627 701 671 fines
731 627 775 688 in
805 627 938 683 tergis
966 627 1127 683 positos
1150 631 1401 686 exegerunt3
1431 629 1579 673 deinde
1611 628 1806 673 ludentes
1836 629 1931 673 loca
1964 642 2040 673 sua
2069 632 2309 685 permutant
2340 632 2601 688 victoresque

262 720 417 753 novum
445 707 588 748 lusum
617 703 764 745 inituri
794 703 847 744 ad
877 703 1091 746 tramitem
1122 705 1340 748 accedunt.

465 778 611 822 Habes
648 779 796 821 ludum
830 778 1185 833 jucundissimum
1221 790 1271 822 ac
1308 791 1383 834 per
1421 790 1465 821 se
1505 779 1881 834 simplicissimum.
1941 778 2053 822 Satis
2084 780 2225 823 alacer
2255 783 2320 823 est
2350 784 2393 824 et
2422 782 2601 825 maxime

261 859 447 906 idoneuS,
479 865 561 908 quo
591 855 635 896 et
666 864 840 907 corpora
869 853 1108 896 ludentium
1139 854 1402 909 gravioribus
1426 855 1611 898 motibus
1635 854 1881 897 excolantur
1905 856 1948 897 et
1978 854 2109 897 animi
2138 855 2436 899 aemulationis
2462 857 2599 899 studio

262 932 500 975 excitentur
524 930 651 982 atque
681 930 900 970 acuantur.
962 927 1045 971 Suo
1075 928 1207 983 igitur
1231 927 1327 982 jure
1357 928 1510 971 Pollux
1540 928 1763 971 confirmat
1782 929 1816 982 ¹)
1846 928 2137 971 huiuscemodi
2168 929 2329 981 ludum,
2362 931 2433 984 qui
2464 934 2601 973 certa-

259 1005 385 1050 minis
414 1004 506 1046 erat
536 1007 620 1044 non
650 1000 883 1053 dissimilis,
918 1001 1308 1056 sphaeromachiam
1339 1002 1574 1056 nuncupari
1602 1014 1741 1058 posse.
1787 1002 1986 1045 Fortasse
2017 1004 2162 1046 tamen
2192 1003 2321 1046 etiam
2351 1003 2600 1046 Eustathius

261 1082 311 1124 de
347 1079 427 1121 hoc
464 1077 565 1120 ludo
604 1076 822 1132 cogitavit,
861 1089 957 1119 011111
987 1088 1080 1132 pag.
1114 1076 1221 1120 1601
1256 1076 1415 1119 diceret
1451 1075 1539 1128 ,,καὶ
1579 1075 1826 1135 ἐπεχωρίαζε
1856 1075 2176 1134 Λακεδαιμονίοις
2213 1076 2319 1134 ἀγὼν
2354 1077 2402 1120 τὰ
2443 1093 2601 1135 σφαιρο-

261 1154 425 1211 μοίχια.“
483 1153 798 1194 Exercebantur
828 1151 872 1192 in
908 1151 993 1193 hoc.
1026 1151 1140 1203 ludo,
1172 1151 1324 1206 quippe
1361 1151 1434 1205 qui
1470 1152 1651 1206 majores
1692 1153 1877 1207 corporis
1915 1153 2025 1194 vires
2062 1163 2345 1207 magnamque
2383 1152 2600 1194 oculorum

261 1228 396 1271 aciem
437 1228 565 1280 atque
603 1226 945 1267 exercitationem
981 1226 1230 1278 postularet,
1272 1225 1562 1268 adulescentes
1607 1227 1876 1279 potissimum
1922 1229 2062 1269 aetate
2107 1227 2252 1280 paullo
2297 1226 2601 1280 provectiores;

259 1313 384 1356 quam
424 1301 477 1343 ob
514 1312 602 1342 rem
647 1299 801 1341 Pollux
847 1303 889 1341 et
933 1299 1180 1341 Eustathius
1225 1300 1334 1342 hanc
1378 1300 1469 1341 ludi
1512 1301 1693 1353 speciem
1737 1302 1955 1355 appellant
2000 1300 2202 1356 ἐφηβικήν,
2255 1301 2298 1342 id
2344 1303 2409 1341 est
2451 1300 2600 1341 ludum

256 1374 524 1429 epheborum.

461 1450 516 1492 ΙΙ.
563 1448 669 1491 Cum
695 1449 882 1503 episcyro
905 1447 1096 1490 homines
1123 1448 1235 1490 docti
1260 1448 1441 1490 alterum
1465 1448 1743 1491 confuderunt
1764 1450 1925 1501 ludum,
1956 1450 2027 1505 qui
2052 1448 2283 1506 φαινίνδα
2309 1450 2392 1501 vel,
2423 1450 2467 1491 id
2489 1450 2599 1503 quod

254 1525 358 1566 mihi
395 1525 574 1575 videtur,
613 1524 752 1565 verius
791 1520 948 1579 φενίνόα
968 1526 1001 1577 2)
1043 1525 1231 1564 vocatur.
1293 1523 1504 1577 Quidquid
1546 1524 1597 1564 de
1635 1524 1950 1578 interpretanda
1986 1525 2055 1567 vel
2101 1526 2329 1567 derivanda
2373 1525 2454 1566 hac
2495 1525 2599 1566 satis

254 1600 432 1641 obscura
462 1610 562 1640 voce
601 1599 931 1652 disputaverunt,
973 1599 1026 1639 ad
1065 1610 1196 1639 unum
1234 1610 1379 1640 omnes
1420 1599 1700 1649 consentiunt,
1740 1600 1820 1642 hoc
1858 1601 1958 1641 ludo
1996 1601 2039 1641 id
2076 1601 2214 1642 solum
2245 1601 2329 1653 agi,
2368 1603 2417 1642 ut
2446 1600 2605 1641 adver·

254 1674 390 1716 sarius
430 1673 608 1715 fallatur
648 1684 697 1714 ac
737 1673 983 1725 decipiatur.
1044 1672 1165 1724 Quod
1204 1674 1371 1726 praeter
1408 1672 1514 1714 alios
1552 1673 1647 1715 loco
1685 1673 1967 1727 Etymologici
1997 1674 2144 1729 Magni
2175 1674 2483 1728 comprobatur,
2522 1673 2597 1716 ubi

253 1761 283 1790 s.
314 1761 354 1791 v.
385 1745 510 1803 φεννίς
540 1747 742 1800 leguntur
770 1746 896 1788 haec:
938 1746 1044 1797 ,,ἔστι
1081 1745 1147 1788 καὶ
1189 1745 1346 1802 φενίνὸα
1384 1745 1461 1788 ἀπὸ
1499 1749 1568 1788 τοῦ
1605 1745 1817 1803 φενακίνδα
1846 1747 1945 1789 κατὰ
1977 1747 2180 1803 συγκοπήν.
2210 1746 2286 1789 ἀπὸ
2317 1752 2383 1803 τῆς
2414 1747 2595 1805 ἀφέσεως

250 1826 324 1864 τῶν
355 1821 631 1879 σφαιριζόντων
661 1819 686 1878 ἦ
718 1821 796 1864 ἀπὸ
827 1825 895 1864 τοῦ
925 1820 1141 1879 φενακίζειν
1172 1823 1212 1863 ἐν
1242 1825 1297 1878 τῷ
1321 1819 1464 1878 ῥίπτειν
1495 1822 1632 1872 ἐκεῖσε,
1664 1819 1757 1863 ἀλλ’
1792 1822 1959 1879 ἑτέρωσε
1987 1820 2014 1877 ἢ
2046 1821 2123 1864 ἀπὸ
2153 1822 2361 1865 Φενεστίου
2383 1827 2452 1865 τοῦ
2481 1824 2597 1880 ἐφευ-

252 1897 380 1953 ρόντος
420 1895 576 1952 αὐτήν“,
614 1898 864 1951 quibuscum
906 1910 954 1938 ea
996 1898 1152 1950 optime
1193 1897 1447 1950 conspirant,
1488 1909 1594 1949 quae
1636 1897 1789 1938 Pollux
1808 1900 1842 1950 ³)
1882 1902 1924 1939 et
1965 1898 2210 1939 Eustathius
2228 1901 2264 1951 ⁴)
2306 1902 2348 1939 et
2386 1899 2596 1951 interpres

252 1971 485 2014 Clementis
516 1972 790 2013 Alexandrini
809 1974 842 2026 5)
875 1972 925 2012 de
955 1972 1035 2012 11οο
1065 1971 1166 2012 ludo
1198 1971 1467 2024 scripserunt.

458 2165 488 2210 ¹)
513 2165 555 2199 cf.
582 2163 761 2199 Onomast.
785 2164 852 2208 ΙΧ,
880 2168 945 2202 107
971 2164 1078 2204 ἔξεστι
1102 2165 1139 2199 δὲ
1164 2166 1222 2199 καὶ
1247 2166 1501 2214 σφαιρομαχίαν
1526 2165 1631 2200 εἰπεῖν
1656 2164 1718 2213 τὴν
1745 2166 1934 2214 ἑπίσκυρον.

456 2223 485 2266 2)
511 2223 649 2271 φενίνδα
682 2233 801 2256 veram
833 2221 1021 2256 lectionem
1056 2232 1134 2256 esse
1166 2232 1375 2266 persuasum
1407 2222 1529 2265 habeo,
1562 2222 1719 2266 pn‘mum
1752 2223 1846 2267 quod
1878 2223 1916 2257 in
1940 2223 2092 2267 Etymol.
2126 2223 2172 2257 M.
2199 2234 2226 2257 s.
2252 2235 2285 2257 V.
2312 2225 2424 2271 φεννίς
2458 2223 2588 2266 scripta

249 2281 351 2315 sunt:
377 2281 536 2330 φενίνὸα
561 2281 770 2330 φενακίνὸα
795 2278 1018 2325 Φεν’έστιος;
1043 2280 1121 2314 tum
1146 2279 1240 2325 quod
1263 2279 1357 2325 apud
1379 2279 1596 2315 Clementem
1619 2279 1901 2315 Alexandrinum
1925 2279 2071 2325 Paedag.
2085 2280 2150 2323 ΠΙ,
2176 2283 2227 2323 10,
2252 2283 2298 2318 50
2321 2280 2474 2325 genuina
2499 2281 2588 2315 scri-

246 2341 352 2382 ptura
376 2340 515 2387 φενίνδα
538 2340 604 2382 est,
638 2349 743 2383 quam
767 2337 933 2372 Klotzius
964 2337 1167 2381 nuperrime
1199 2337 1338 2382 primus
1369 2337 1408 2372 in
1433 2339 1590 2386 φαινίνδα
1613 2338 1778 2373 mutavit.
1827 2338 1935 2373 Extat
1957 2349 2040 2373 vero
2066 2337 2102 2372 in
2127 2337 2209 2373 Cod.
2234 2337 2345 2373 Paris.
2369 2341 2449 2381 451,
2482 2350 2588 2383 quem

247 2406 337 2430 mmo
369 2400 439 2433 914
469 2396 643 2440 scriptum
674 2406 753 2430 esse
786 2396 935 2438 constat,
972 2394 1132 2429 scholion
1164 2394 1341 2439 quoddam
1364 2395 1655 2430 vetustissimum
1679 2396 1723 2430 ad
1753 2396 1849 2430 hunc
1872 2395 1999 2437 locum,
2033 2395 2126 2439 quod
2157 2406 2210 2439 ap.
2243 2395 2426 2429 Klotzium
2456 2395 2590 2440 legitur

247 2453 316 2488 vol.
342 2453 405 2497 IV,
429 2465 462 2498 p.
488 2457 555 2491 135
596 2454 758 2501 φενίνόα
787 2451 942 2488 παιδιάν·
976 2451 1093 2488 παιδιὰ
1124 2450 1146 2499 ἡ
1180 2453 1343 2500 φενίνδα
1377 2451 1540 2500 τοιαύτη·
1573 2458 1720 2501 σφαῖραν
1753 2457 1887 2501 κρατῶν
1928 2468 1977 2493 τις
2008 2457 2074 2488 τῶν
2113 2451 2301 2493 παιζόντων
2341 2454 2472 2489 παίδων
2514 2455 2587 2489 εἶτα

246 2513 354 2560 ἑτέρῳ
379 2510 580 2560 προδεικνὺς
603 2509 743 2559 ταύτην,
769 2511 876 2559 ἑτέρῳ
902 2507 1009 2557 αὐτὴν
1035 2511 1241 2557 ἐπέπεμπεν.
1268 2507 1464 2550 ὠνόμασται
1489 2511 1526 2546 δὲ
1550 2508 1573 2558 ἢ
1600 2508 1668 2547 ἀπὸ
1693 2510 1874 2547 Φαινίνδου
1899 2514 1960 2547 τοῦ
1993 2509 2129 2559 πρώτου
2155 2508 2307 2549 εἰπόντος
2332 2510 2382 2555 (h.
2408 2510 2440 2545 d.
2466 2510 2585 2556 legen-

246 2569 333 2603 dum
357 2566 532 2617 εὑρόντος)
565 2566 588 2616 ἢ
621 2565 689 2604 ἀπὸ
713 2571 775 2603 τοῦ
809 2569 1011 2615 φενακίζειν,
1045 2564 1063 2602 ὅ
1096 2568 1185 2602 ἐστιν
1221 2565 1372 2603 ἀπατᾶν·
1405 2569 1464 2604 ’καὶ
1495 2567 1558 2616 γὰρ
1591 2566 1712 2615 ἠπάτα
1744 2567 1762 2604 ὁ
1793 2570 1902 2617 ἑτέρῳ
1936 2570 1996 2615 μὲν
2022 2567 2131 2607 δείξας
2161 2568 2268 2615 ἑτέρῳ
2299 2568 2336 2603 δὲ
2368 2567 2516 2608 ἐπιδούς.
2541 2589 2586 2593 -

246 2625 408 2670 Denique
432 2625 516 2660 vide
539 2625 701 2659 Meineke
727 2625 891 2671 (Hermes
914 2624 981 2667 111,
1006 2635 1039 2668 p.
1061 2624 1146 2670 455)
1170 2625 1214 2659 ad
1237 2624 1417 2670 Melanges
1449 2625 1492 2659 de
1516 2625 1550 2659 la
1572 2624 1771 2660 litterature
1803 2636 1953 2671 grecque
1984 2635 2046 2670 par
2069 2624 2116 2658 M.
2141 2624 2180 2658 E.
2206 2623 2341 2667 Miller;
2374 2624 2437 2659 ubi
2473 2625 2582 2659 verba

244 2683 331 2718 haec
370 2685 469 2718 sunt:
499 2683 556 2716 Ad
585 2682 740 2726 Etymol.
772 2682 928 2716 Florent.
954 2693 988 2725 p.
1016 2685 1102 2719 299:
1144 2682 1350 2717 Φενίνδα·
1383 2682 1501 2717 παιδιὰ
1533 2682 1588 2718 διὰ
1623 2686 1769 2731 σφαίρας
1800 2685 1966 2730 γενομένη
1999 2684 2088 2717 οἷον·
2122 2680 2161 2716 οὗ
2195 2683 2378 2728 φενίνὸα
2410 2687 2590 2730 σφαιριῶν,

244 2740 338 2777 unde
368 2739 605 2786 fragmentum
634 2749 761 2776 versus
792 2737 947 2775 alicuius
979 2738 1196 2785 Antiphanei
1226 2738 1313 2776 haec
1345 2738 1453 2776 verba
1484 2750 1563 2776 esse
1595 2739 1783 2786 suspicans
1813 2739 1872 2776 vir
1902 2738 2131 2776 doctissimus
2163 2736 2355 2784 concludit,
2399 2740 2582 2789 φενίνὸα

244 2808 365 2833 veram
394 2808 475 2833 esse
506 2797 728 2843 scripturam.
753 2817 797 2822 —
835 2797 999 2833 Ceterum
1031 2808 1073 2832 ea
1103 2798 1311 2833 conferenda
1342 2799 1437 2843 sunt,
1472 2808 1559 2844 quae
1593 2797 1804 2843 Grasberger
1834 2798 1901 2832 Die
1934 2797 2100 2832 leibliche
2123 2796 2327 2842 Erziehung
2349 2796 2379 2841 Ι,
2404 2807 2438 2842 p.
2462 2800 2509 2835 90
2533 2808 2586 2843 sq,

244 2855 287 2890 de
310 2857 376 2891 hac
400 2868 438 2891 re
461 2857 593 2891 attulit.

450 2913 479 2960 ⁸)
505 2913 683 2949 Onomast.
708 2913 774 2958 IX,
801 2916 867 2952 105
898 2911 921 2961 ἡ
956 2914 992 2949 δὲ
1017 2914 1174 2962 φαινίνδα
1199 2914 1332 2962 εἴρηται
1356 2911 1379 2961 ἢ
1414 2911 1482 2949 ἀπὸ
1506 2912 1686 2949 Φαινίνδου
1718 2915 1777 2948 τοῦ
1803 2910 1938 2960 πρώτου
1973 2910 2129 2960 εὑρόντος
2154 2909 2177 2959 ἢ
2205 2909 2271 2947 ἀπὸ
2295 2915 2357 2947 τοῦ
2383 2914 2587 2961 φενακίζειν,

243 2966 295 3006 ὅτι
317 2971 425 3021 ἑτέρῳ
449 2970 687 3021 προδείξαντες
711 2972 818 3020 ἑτέρῳ
845 2972 1028 3020 ῥίπτουσιν,
1062 2971 1295 3012 ἐξαπατῶντες
1330 2970 1387 3007 τὸν
1413 2970 1588 3019 οἰόμενον·
1622 2969 1791 3011 εἰκάζοιτο
1816 2967 1847 3005 δ’
1878 2966 1918 3005 ἂν
1944 2969 2029 3006 εἶναι
2053 2967 2075 3017 ἡ
2101 2968 2157 3005 διὰ
2180 2972 2242 3006 τοῦ
2267 2972 2392 3018 μικροῦ
2417 2972 2585 3019 σφαιρίου,

244 3024 262 3062 ὃ
288 3029 327 3063 ἐκ
350 3032 411 3064 τοῦ
438 3028 599 3077 ἁρπάζειν
625 3027 830 3076 ὠνόμασται.
887 3029 1051 3064 Ceterum
1074 3030 1161 3064 haec
1185 3030 1385 3075 conjectura
1408 3029 1565 3064 Pollucis
1588 3040 1610 3063 a
1633 3028 1809 3063 Clemente
1821 3027 1923 3062 Alex.
1948 3027 2124 3071 probatur,
2150 3027 2214 3071 qui
2237 3026 2344 3062 Paed.
2368 3027 2435 3071 111,
2461 3032 2516 3072 10,
2541 3031 2587 3066 50

243 3083 349 3120 dicit:
375 3083 504 3135 ἀνδρῶν
537 3087 574 3123 δὲ
606 3087 639 3123 οἱ
663 3088 724 3135 μὲν
749 3087 869 3135 γυμνοὶ
892 3088 951 3123 καὶ
975 3084 1088 3135 πάλης
1113 3089 1365 3137 μετεχέτωσαν,
1399 3087 1431 3123 οἱ
1456 3087 1492 3123 δὲ
1515 3087 1574 3122 καὶ
1599 3086 1724 3134 σφαίρῃ
1749 3087 1798 3134 τῇ
1824 3087 1960 3134 μικρᾷ
1984 3082 2174 3126 παιζόντων
2207 3083 2271 3133 τὴν
2299 3085 2485 3134 φενίνδα
2509 3100 2585 3122 παι-

244 3141 316 3176 διὰν
342 3144 377 3178 ἑν
402 3142 491 3192 ἡλίῳ
516 3143 675 3191 μάλιστα.
723 3145 766 3179 cf.
792 3143 887 3178 Guhl
910 3155 945 3179 11.
971 3144 1099 3187 Koner,
1123 3155 1201 3189 pag.
1225 3148 1295 3182 275
1318 3145 1410 3179 med.
1459 3143 1567 3188 (Edit.
1591 3142 1697 3177 tertia
1719 3153 1749 3176 a.
1775 3141 1892 3186 1872.)

441 3199 473 3247 4)
497 3200 598 3237 Eust.
623 3211 657 3246 p.
683 3203 783 3247 1601,
807 3203 854 3240 32
878 3201 1035 3251 φαινίνδα
1059 3201 1107 3244 δέ,
1132 3198 1214 3237 ὅταν
1239 3201 1348 3251 ἑτέρῳ
1374 3201 1456 3251 φασὶ
1479 3198 1541 3248 τὴν
1566 3203 1711 3249 σφαῖραν
1736 3197 1996 3249 προδεικνύντες
2020 3199 2129 3249 ἑτέρῳ
2156 3196 2265 3248 αὐτὴν
2291 3200 2519 3248 ἐπιπέμπουσι.

447 3259 478 3301 ⁶)
502 3260 586 3294 vide
619 3270 725 3303 supra
754 3260 833 3293 adn.
865 3262 974 3294 nostr.
999 3259 1045 3304 2).
1106 3259 1270 3293 Ceterum
1301 3260 1344 3293 ad
1377 3260 1471 3293 hunc
1502 3258 1626 3292 ludum
1656 3258 1764 3291 etiam
1792 3267 1918 3291 versus
1950 3257 2056 3292 Saleii
2090 3257 2194 3292 Bassi
2227 3258 2356 3303 (Carm.
2388 3259 2431 3292 ad
2463 3258 2584 3293 Pison.
