2975 3963
1471 159 1523 203 18

317 302 431 354 apud
461 299 818 343 Lacedaemonios
849 300 1014 340 veteres
1053 298 1098 339 in
1135 311 1215 339 usu
1256 301 1359 341 erat.
1392 322 1447 329 —
1481 299 1698 351 Quantum
1737 297 1870 351 igitur
1911 300 1965 340 ad
2002 302 2199 342 naturam
2228 299 2353 341 huius
2382 299 2473 341 ludi
2503 302 2670 354 attinet,

318 376 371 418 ad
411 388 542 417 unum
580 387 725 417 omnes
767 373 1052 424 consentiunt,
1093 386 1203 424 eum,
1252 376 1300 415 ut
1344 373 1436 429 Jam
1475 386 1523 415 ex
1564 373 1656 428 ipso
1697 372 1879 424 nomine,
1920 374 2032 428 quod
2073 375 2124 417 de
2164 375 2291 419 verbo
2331 372 2519 431 ἁρπάζειν
2559 376 2670 420 (1611·

317 454 453 499 vatur,
483 453 672 503 apparet,
716 449 906 490 omnium
945 449 1255 489 ferocissimum
1293 452 1419 502 atque
1461 449 1713 490 acerrimum
1751 449 1882 490 fuisse
1902 449 1948 502 ¹).
2009 448 2090 490 Sed
2132 450 2183 491 de
2221 450 2384 492 ratione
2423 452 2548 504 atque
2587 451 2669 502 via,

320 536 402 578 qua
433 536 458 565 a
488 523 703 566 veteribus
734 524 954 565 institutus
986 523 1054 572 sit,
1085 536 1209 564 nemo
1241 526 1319 574 est,
1349 524 1421 577 qui
1453 524 1557 565 satis
1588 523 1839 576 exposuerit.
1885 523 2004 565 Unus
2031 522 2233 576 Galenus,
2263 525 2374 579 quod
2404 525 2549 576 sciam,
2580 537 2670 568 rem

321 598 561 641 accuratius
602 598 761 652 attigit,
800 610 897 640 cum
935 598 979 639 in
1017 597 1127 640 libro
1169 610 1297 652 supra
1334 601 1518 641 tractato
1560 597 1610 639 de
1651 597 1838 640 utilitate
1878 598 1990 651 pilae
2029 598 2322 641 exercitiorum
2352 599 2396 641 in
2427 600 2669 644 universum

317 673 529 717 disseruit.
577 672 793 726 Quantum
823 672 936 715 enim
967 685 1015 714 ex
1048 672 1138 715 eius
1169 673 1262 715 loco
1281 675 1316 727 ²)
1347 673 1620 716 celeberrimo
1652 675 1693 713 et
1726 671 1778 714 ab
1810 672 2018 723 omnibus,
2051 673 2120 727 qui
2152 673 2202 715 de
2228 674 2307 717 hac
2330 688 2375 717 re
2398 676 2670 729 scripserunt,

317 748 491 790 laudato
522 748 801 802 intellegitur,
834 747 962 788 etiam
994 747 1037 788 in
1067 747 1280 802 harpasto‚
1322 748 1432 789 sicut
1470 748 1512 788 in
1550 747 1776 800 pheninda,
1809 758 1833 788 a
1864 746 2077 789 lusoribus
2118 748 2224 789 duae
2267 748 2473 793 sactiones
2510 750 2669 794 efficie-

316 822 485 873 bantur,
526 835 632 877 quae
671 823 844 865 ineunte
883 823 1053 877 quidem
1091 824 1191 865 ludo
1233 835 1366 878 scyro,
1415 834 1540 876 quem
1580 822 1838 872 vocavimus,
1888 822 2023 864 altera
2065 822 2117 865 ab
2158 823 2291 865 altera
2329 825 2668 869 secernebantur.

319 899 427 939 Tum
460 898 628 939 demum
662 897 1044 950 congrediebantur
1074 909 1308 951 manusque
1341 898 1630 939 conserebant.

524 972 655 1026 Atqui
687 984 783 1014 cum
814 971 1064 1014 Eustathius
1096 972 1189 1014 loco
1222 984 1348 1025 supra
1379 972 1512 1013 allato
1545 971 1709 1021 dixerit,
1748 984 1830 1013 non
1871 971 2007 1012 solum
2047 973 2259 1025 pheninda
2297 973 2368 1014 sed
2410 974 2538 1015 etiam
2571 975 2668 1017 har-

316 1051 486 1101 pastum
517 1043 654 1103 ἄφεσιν
685 1044 751 1087 καὶ
783 1045 908 1102 φυγὴν
938 1045 1152 1096 habuisse,
1184 1046 1389 1100 suspicari
1420 1045 1580 1095 licebit,
1612 1046 1741 1088 etiam
1772 1046 1815 1087 in
1846 1046 1923 1087 hoc
1954 1046 2054 1087 ludo
2086 1059 2217 1089 unum
2249 1048 2457 1101 quendam
2491 1048 2541 1089 de
2573 1049 2666 1091 loco

317 1122 520 1164 stantium
561 1121 605 1162 in
644 1120 830 1162 medium
871 1120 1075 1173 prodiisse
1113 1121 1328 1173 pilamque
1370 1121 1420 1161 de
1460 1132 1579 1174 scyro
1611 1120 1826 1161 sublatam
1866 1120 1908 1161 111
1949 1131 2088 1160 aerem
2130 1121 2335 1164 emisisse.
2395 1122 2486 1164 Hac
2524 1125 2669 1165 tamen

317 1197 359 1237 in
391 1209 434 1237 re
467 1196 627 1237 eisdem
658 1194 1020 1236 ludificationibus
1053 1206 1149 1235 eum
1180 1207 1303 1236 usum
1336 1206 1441 1245 esse,
1473 1194 1624 1248 quibus
1656 1194 1699 1235 in
1730 1194 1940 1248 pheninda
1970 1194 2257 1237 medicurrens
2281 1195 2491 1243 utebatur.
2523 1197 2669 1253 colligi

315 1274 456 1325 potest
493 1283 541 1311 ex
583 1271 667 1311 alio
708 1269 860 1312 Galeni
901 1270 994 1311 1060
1013 1270 1059 1323 8),
1100 1269 1172 1310 ubi
1214 1270 1435 1323 leguntur:
1483 1269 1515 1310 εἰ
1555 1267 1609 1324 μή
1648 1284 1703 1316 τις
1744 1267 1910 1325 ἀκριβῶς
1950 1268 2017 1324 τὴν
2056 1267 2176 1325 ῥοπὴν
2216 1271 2283 1325 τῆς
2326 1268 2492 1328 σφαίρας
2527 1271 2579 1320 εἰς
2610 1268 2668 1314 ὅτι

316 1346 484 1401 φέροιτο,
516 1344 829 1400 προαισθάνοιτο,
862 1344 1135 1400 διαμαρτάνειν
1166 1348 1234 1399 τῆς
1265 1345 1387 1400 λαβῆς
1418 1342 1627 1399 ἀναγκαῖόν
1667 1345 1767 1384 ἐστιν
1809 1342 1935 1385 αὐτόν.
2005 1344 2121 1385 Haec
2159 1344 2290 1400 igitur
2330 1349 2505 1400 uterque
2543 1347 2668 1389 ludus

318 1421 558 1462 communia
588 1420 739 1469 habet3
771 1419 911 1460 differt
944 1432 1039 1461 vero
1071 1420 1178 1460 alter
1209 1419 1262 1460 ab
1294 1420 1429 1460 altero
1462 1431 1509 1460 eo
1541 1419 1821 1472 potissimum,
1853 1419 1964 1472 quod
1997 1419 2039 1460 in
2070 1418 2282 1472 pheninda
2312 1420 2399 1473 pila
2429 1421 2668 1464 adversario

316 1496 484 1537 cuidam
506 1495 722 1549 proicitur,
755 1494 796 1535 in
821 1494 1020 1547 harpasto
1048 1507 1130 1535 nou
1158 1495 1239 1535 nisi
1270 1494 1312 1535 in
1340 1494 1520 1535 sublime
1548 1495 1623 1534 aut
1649 1494 1692 1534 in
1719 1493 1937 1547 obliquum
1970 1494 2178 1535 emittitur
2206 1494 2331 1547 idque
2362 1495 2435 1545 ita,
2466 1498 2513 1537 ut
2543 1508 2669 1550 quam

317 1571 504 1624 proxime
537 1571 589 1611 ad
621 1582 789 1623 scyrum
820 1569 998 1611 decidat.
1048 1569 1116 1611 Sic
1140 1569 1264 1610 facile
1292 1569 1382 1609 fieri
1413 1572 1591 1622 poterat,
1626 1572 1673 1610 ut
1702 1570 1738 1610 is
1769 1569 1838 1622 qui
1870 1569 2003 1622 pilam
2034 1569 2157 1610 modo
2189 1569 2401 1620 emiserat,
2433 1570 2543 1612 idem
2575 1583 2669 1613 eam

317 1646 582 1688 decidentem
614 1645 835 1698 exciperet.
887 1644 951 1687 Ne
983 1648 1127 1687 tamen
1160 1644 1245 1686 tale
1278 1644 1374 1697 quid
1409 1644 1540 1693 fieret,
1573 1644 1790 1697 utriusque
1821 1645 1952 1697 partis
1984 1644 2151 1686 sodales
2181 1645 2224 1685 in
2257 1657 2353 1686 eum
2384 1658 2475 1687 sese
2506 1647 2668 1699 praeci-

316 1720 511 1773 pitabant
527 1720 577 1774 4),
616 1731 667 1760 ne
709 1720 798 1772 ipse
840 1719 972 1771 pilam
1015 1719 1255 1771 surriperet,
1288 1719 1544 1772 impedituri.
1607 1718 1676 1761 Sic
1707 1718 1875 1772 quidem
1907 1717 2094 1761 Galenus
2133 1718 2472 1772 interpretandus
2502 1718 2669 1763 videtur

317 1808 411 1837 cum
455 1795 557 1836 dicit
595 1793 689 1849 πρὸς
728 1792 923 1848 ἀλλήλους
963 1792 1226 1849 συνιστάμενοι
1264 1791 1330 1834 καὶ
1370 1791 1664 1840 ἀποκωλύοντες
1704 1792 1931 1850 ὑφαρπάσαι
1968 1793 2048 1834 τὸν
2089 1792 2280 1849 μεταξύ.
2354 1794 2494 1849 Atque
2544 1796 2669 1847 hunc,

316 1883 441 1923 quem
471 1869 536 1910 τὸν
568 1868 709 1924 μεταξὺ
742 1869 931 1921 appellat
964 1868 1164 1918 GalenuS,
1197 1870 1375 1909 eundem
1409 1880 1513 1916 esse,
1546 1881 1671 1922 quem
1703 1880 1830 1922 supra
1860 1880 1935 1909 nos
1966 1869 2318 1910 medicurrentem
2345 1869 2668 1921 nominavimus,

317 1945 410 1999 quis
443 1948 521 1999 est,
552 1944 653 1998 quin
686 1943 861 1984 videat?
921 1944 970 1984 In
1002 1956 1098 1984 eum
1131 1944 1261 1998 igitur
1293 1943 1421 1984 ceteri
1452 1956 1597 1985 omnes
1628 1944 1807 1985 irruunt.
1867 1943 1977 1985 Nam
2011 1955 2106 1985 cum
2145 1943 2187 1985 in
2218 1943 2297 1986 1106
2328 1944 2427 1986 ludo
2459 1945 2497 1986 ei
2528 1945 2670 1999 palma

320 2019 579 2061 tribueretur
597 2018 644 2073 5),
676 2018 747 2072 qui
777 2018 939 2071 primus
970 2019 1157 2059 omnium
1188 2019 1321 2071 pilam
1353 2021 1550 2071 rapuerat
1591 2019 1680 2060 sive
1721 2032 1769 2060 ex
1812 2031 1906 2060 aere
1949 2018 2217 2060 devolantem
2248 2018 2337 2060 sive
2368 2019 2412 2060 111
2443 2020 2616 2073 pulvere
2634 2025 2667 2074 ⁶)

319 2097 570 2143 versantem,
612 2107 687 2146 pro
730 2106 773 2134 se
814 2093 990 2145 quisque
1030 2106 1174 2133 omnes
1214 2094 1416 2134 victoriae
1453 2094 1681 2146 participes
1721 2094 1813 2134 fieri
1850 2094 2086 2147 cupiebant.
2158 2093 2225 2133 Ita
2256 2094 2306 2133 de
2338 2094 2541 2147 capienda
2581 2095 2669 2148 pila

322 2168 743 2211 vehementissimum
795 2169 1007 2209 certamen
1061 2167 1317 2217 exardescit,
1364 2168 1408 2208 in
1454 2180 1534 2221 quo
1582 2169 1690 2209 alter
1734 2169 1917 2210 alterum
1962 2168 2162 2210 luctando
2211 2168 2417 2209 trudendo
2462 2169 2668 2221 pulsando

321 2256 519 2296 superare
565 2246 608 2285 et
654 2242 704 2284 de
751 2242 844 2284 loco
892 2242 1111 2284 demovere
1154 2241 1332 2284 laborat.
1408 2241 1514 2284 Cum
1554 2246 1696 2284 tamen
1738 2243 1781 2284 in
1823 2244 1902 2285 hoc
1942 2255 2106 2296 quoque
2149 2243 2339 2284 omnium
2384 2255 2588 2285 concursu
2627 2244 2669 2285 id

316 2317 586 2369 potissimum
618 2318 829 2370 ageretur,
861 2318 909 2357 ut
938 2316 1027 2368 pila
1057 2328 1108 2356 116
1140 2316 1376 2356 deiceretur
1394 2316 1427 2369 ⁷)
1458 2317 1531 2357 8611
1562 2317 1835 2370 exciperetur,
1876 2317 2000 2358 facile
2032 2316 2299 2369 perspicitur,
2340 2316 2546 2368 quomodo
2578 2316 2669 2358 fieri

524 2481 554 2527 ¹)
579 2482 622 2517 cf.
649 2481 723 2517 Gal.
751 2481 794 2516 de
818 2493 852 2527 p.
878 2493 912 2526 p.
937 2480 981 2516 K.
1006 2492 1083 2526 pag.
1109 2485 1188 2525 909,
1214 2481 1298 2516 edit.
1324 2483 1432 2517 nostr.
1459 2485 1491 2525 7,

317 2543 411 2576 ἔσται
435 2542 629 2588 γυμνασίων
656 2539 978 2589 σφοδρότατον.

524 2598 554 2644 ⁹)
580 2598 623 2633 de
648 2609 681 2642 p.
705 2609 740 2642 p.
765 2596 810 2632 K.
836 2608 912 2642 pag.
938 2600 1018 2640 902,
1042 2597 1126 2632 edit.
1152 2598 1261 2632 nostr.
1287 2602 1320 2641 5,
1348 2601 1386 2634 1:
1423 2595 1505 2633 ὅταν
1539 2600 1600 2645 μὲν
1634 2597 1698 2647 γὰρ
1732 2597 1967 2645 συνιστάμενοι
1999 2597 2083 2646 πρὸς
2117 2595 2285 2644 ἀλλήλους
2316 2599 2374 2633 καὶ
2408 2595 2671 2638 ἀποκωλῦοντες

317 2672 321 2680 ’
338 2670 357 2681 '‘
409 2669 432 2691 Γ.
540 2668 598 2689 ‘mv
652 2667 688 2690 εἴ
833 2668 897 2690 πον
982 2666 1054 2690 ’κ’-’Ξ.

320 2669 406 2705 Ὕαρ
437 2668 554 2755 οισω’)
579 2655 752 2756 dopna?
766 2655 1007 2757 Ιέἲαραέσὲοιι
1030 2712 1134 2756 med„
1159 2712 1244 2747 edit.
1270 2713 1379 2747 nostr.
1405 2717 1438 2756 5,
1466 2716 1519 2750 15.

522 2770 554 2815 ⁴)
579 2770 622 2803 cf.
647 2769 687 2803 L.
712 2768 810 2814 Becq
833 2781 867 2814 p.
896 2772 979 2806 186:
1029 2769 1105 2813 „les
1130 2770 1225 2803 deux
1249 2780 1369 2814 oamps
1394 2789 1438 2794 -
1464 2780 1502 2804 86
1526 2769 1776 2815 precipitaient
1808 2780 1870 2804 sur
1893 2770 1927 2805 la
1950 2770 2040 2805 balle
2065 2768 2215 2813 deposce
2240 2770 2260 2803 a
2284 2771 2374 2804 terre
2407 2780 2453 2804 au
2477 2770 2597 2804 centre
2621 2769 2671 2804 du

310 2828 397 2871 jem·
422 2827 556 2871 quibus
579 2828 778 2871 repugnant
800 2826 908 2861 verba
931 2825 1090 2861 Pollucis
1115 2826 1160 2870 (I,
1188 2826 1270 2870 104)
1295 2826 1541 2875 ἐπιδράξασθαι(
1565 2841 1603 2863 τε
1627 2831 1690 2875 τῆς
1715 2829 1861 2876 σφαίρας
1887 2829 2144 2876 φερομένης
2169 2828 2227 2860 καὶ
2253 2824 2523 2873 ἀντιβαλεῖν.

522 2882 554 2928 5)
579 2883 663 2919 vide
687 2895 763 2928 pag.
790 2887 845 2928 17,
869 2883 949 2919 adn.
974 2883 1024 2928 8).

523 2941 553 2986 0)
576 2941 728 2976 Martial.
754 2941 874 2986 Epigr.
900 2940 1001 2984 XIV,
1026 2944 1088 2979 48:
1114 2940 1211 2976 Haeo
1235 2941 1328 2986 rapit
1351 2942 1478 2978 Antaei
1503 2942 1609 2978 velox
1635 2943 1678 2978 de
1702 2941 1850 2988 pulvere
1878 2943 2045 2986 draueuS,

1115 2998 1269 3033 Grandia
1292 3000 1354 3044 qui
1379 3011 1470 3034 vano
1495 3000 1585 3035 colla
1607 3000 1725 3035 labore
1749 3000 1844 3034 facit.

1515 2486 1537 2520 [Ο

1544 2485 1576 2520 l:
1613 2484 1642 2518 εἰ
1668 2480 1700 2517 δ’
1726 2480 1864 2519 εὔτονον
1896 2479 1931 2518 θ’
1961 2479 2032 2530 ἅμα
2065 2483 2125 2518 καὶ
2150 2479 2356 2530 ἠπειγμένον
2382 2482 2434 2530 εἴη
2460 2502 2504 2507 -
2530 2480 2669 2518 πάντων

316 3063 352 3090 et
376 3056 439 3099 lv,
467 3060 521 3099 19,
548 3059 569 3093 7
593 3058 630 3091 et
653 3056 736 3100 VII,
761 3059 817 3101 32,
844 3060 898 3094 10.

522 3113 553 3158 ⁷)
578 3114 621 3149 cf.
648 3112 722 3148 Gal.
748 3112 792 3148 de
816 3124 849 3158 p.
876 3125 909 3158 p.
933 3112 978 3148 K.
1004 3124 1082 3157 pag.
1109 3117 1180 3151 904
1203 3113 1307 3157 med.,
1344 3113 1428 3148 edit.
1453 3115 1561 3149 nostr.
1587 3119 1621 3158 5,
1647 3118 1708 3151 17:
1753 3118 1856 3150 τοῦτο
1889 3115 1926 3150 δὲ
1959 3115 2019 3149 καὶ
2050 3112 2113 3160 τὴν
2145 3111 2281 3162 γνώμην
2314 3112 2412 3161 θήγει
2444 3116 2487 3162 τῇ
2522 3114 2674 3162 φροντίδι

315 3174 377 3206 τοῦ
401 3184 440 3207 τε
472 3171 529 3219 μὴ
560 3172 838 3219 καταβαλεῖν
870 3173 931 3207 καὶ
961 3174 1024 3207 τοῦ
1057 3172 1285 3217 διακωλῦσαι;
1316 3172 1352 3206 et
1384 3171 1502 3216 paullo
1534 3171 1634 3215 infra,
1668 3172 1697 3209 εἰ
1722 3171 1771 3220 μή
1803 3186 1854 3213 τις
1879 3169 2025 3221 ἀκριβῶς
2058 3170 2121 3218 τὴν
2148 3170 2257 3220 ῥοπὴν
2291 3170 2570 3220 προαισθάνοιτο,
2604 3172 2675 3208 δια-

317 3227 499 3276 μαρτάνειν
524 3232 602 3275 τῆς
627 3230 764 3276 λαβῆς
789 3226 974 3276 ἀναγκαῖόν
1000 3230 1090 3264 ἐστιν
1117 3227 1232 3264 αὐτόν.
1257 3248 1301 3254 -·
1327 3229 1423 3264 Guhl
1446 3240 1481 3263 u.
1507 3229 1628 3264 Koner
1650 3240 1683 3275 p.
1710 3233 1788 3268 652.
