2975 3963
1475 163 1530 206 10

319 307 419 351 gere
450 296 602 339 solere.
661 296 865 340 Eiusdem
903 296 1070 379 generis
1101 286 1252 340 vitium
1291 298 1402 353 apud
1431 298 1678 343 Kuehnium
1709 299 1759 351 V,
1789 311 1885 356 pag.
1916 301 1974 345 62
2005 315 2044 346 v.
2074 302 2104 345 4
2133 303 2250 346 extat
2286 301 2331 345 in
2369 301 2510 346 verbis
2548 321 2674 364 παρα-

316 363 480 420 πλήσιον
509 363 584 422 γάρ
613 380 651 407 τι
680 368 836 408 ποιοῦσι
865 366 943 414 τοῖς
972 364 1046 422 πρὸ
1076 368 1146 407 τοῦ
1173 366 1305 407 πεῖσαι
1335 369 1434 422 σφᾶς
1465 382 1606 415 αυτους
1637 366 1776 416 ἱκανῶς
1806 366 1870 411 ἐπὶ
1909 372 1985 411 τῶν
2015 368 2193 427 ἀριθμῶν
2221 369 2487 428 γεγυμνάσθαι
2515 372 2673 418 τελείω-

317 448 375 475 σιν
404 436 593 490 τολμῶσιν
631 432 923 492 ἀποφαίνεσθαί
951 449 998 484 τι,
1029 434 1101 477 ubi
1131 431 1328 476 τελείωσιν
1358 434 1646 492 dittographia
1686 439 1826 480 ortum
1857 441 1923 481 est
1953 450 2002 482 ex
2031 441 2231 497 τολμῶσιν.
2288 440 2394 484 Vide
2429 439 2671 489 Observatt.

317 500 430 546 c'ritt.
461 515 559 559 pag.
589 503 661 546 43.
722 505 920 547 Alterum
950 503 1075 545 huius
1106 503 1220 545 modi
1250 503 1391 546 locum
1421 506 1565 548 videas
1596 505 1646 556 V,
1677 518 1774 562 pag.
1809 507 1905 551 160.
1936 509 2104 558 πολλοὺς
2134 505 2202 553 οὖν
2231 506 2309 567 ἤδη
2339 509 2527 559 πολλάκις
2558 527 2672 568 μονο-

317 571 469 630 μάχους
501 572 723 631 μονάρχους
752 590 795 615 τε
823 571 889 615 καὶ
920 570 1150 629 στρατιώτας
1181 596 1237 603 -
1268 570 1370 615 οὕτω
1400 576 1599 631 τρωθῆναι
1629 575 1789 632 συνέβηι
1821 577 1874 618 ad
1905 589 2030 631 quem
2060 579 2203 622 locum
2233 579 2367 624 Cobet
2395 579 2671 638 Mnemosyne

316 643 336 684 Ι
367 642 477 686 Nov.
509 642 599 686 Ser.
633 643 759 694 1873,
796 655 892 697 pag.
921 641 1008 683 432
1039 641 1238 684 adnotat:
1280 642 1455 693 „Scriba
1493 645 1704 696 dubitans,
1743 648 1887 688 utrum
1928 647 2186 700 gladiatores
2227 661 2282 692 an
2320 662 2442 704 reges
2482 653 2670 704 poneret,

315 713 433 755 dedit
470 715 738 766 utrumque.“
806 711 887 753 Sed
925 709 1145 767 μονάρχους
1187 711 1426 754 delendum.
1458 737 1516 744 —
1554 713 1750 756 Ceterum
1789 725 1874 756 non
1915 715 1991 757 abs
2022 727 2066 757 re
2098 717 2190 767 erit,
2223 729 2330 771 quae
2361 719 2450 773 ipse
2481 718 2669 763 Galenus

316 782 368 823 de
407 781 698 824 huiuscemodi
739 780 852 822 vitiis
894 779 981 821 suis
1013 780 1181 832 scriptis
1213 780 1538 824 adhaerentibus
1570 783 1826 832 disseruerit,
1869 795 2091 837 apponere.
2159 785 2274 827 Dicit
2318 787 2431 829 enim
2461 788 2596 838 XVII,
2630 789 2668 840 1,

313 862 412 905 pag.
444 850 530 892 909
561 850 611 891 de
644 848 776 891 simili
806 848 989 901 quodam
1020 848 1124 890 vitio
1164 849 1274 902 apud
1313 849 1617 903 Hippocratem
1659 855 1826 893 extante
1867 850 2069 908 ,φαίνεται
2110 850 2179 908 μὲν
2218 853 2293 909 γὰρ
2333 853 2384 902 ὡς
2422 856 2669 912 ἐξηγήσει

314 916 612 975 προσγραφὲ
593 934 642 959 ..ν
675 916 749 958 ὑπό
779 933 889 965 τινος,
922 914 1089 963 αὖθιςδ
1095 915 1179 964 ἐἰς
1210 914 1460 974 τουδαφος
1493 918 1565 960 ὑπὸ
1597 936 1664 961 του
1694 920 1970 978 βιβλνογράφου
2002 923 2436 976 patarensium&
2444 955 2454 973 ‚
2493 926 2668 978 quibus·

315 1001 412 1030 cum
444 987 698 1031 conferenda
729 989 841 1036 sunt,
874 998 981 1039 quae
1023 987 1135 1028 idem
1178 987 1227 1028 de
1265 987 1426 1041 origine
1466 989 1841 1042 interpolationum
1873 991 1914 1031 in
1946 992 2033 1032 suis
2065 991 2196 1044 ipsius
2226 991 2347 1033 libris
2388 992 2669 1045 disputatavit

314 1058 449 1107 XVII,
482 1058 520 1107 1,
551 1068 678 1110 pagg.
711 1055 768 1097 80
799 1057 842 1096 et
871 1054 979 1103 634;
1012 1055 1053 1105 2,
1083 1068 1179 1110 pag.
1212 1055 1308 1097 249.

518 1125 710 1179 Denique
742 1124 795 1166 ad
826 1121 962 1179 ἀργίας
993 1136 1137 1166 vocem
1169 1123 1422 1167 conferenda
1439 1138 1534 1178 pag.
1556 1124 1658 1175 5‚14
1689 1121 1772 1167 οὔτ’
1808 1124 1992 1183 ἀργοὺς
2024 1127 2149 1182 με’νειν
2180 1131 2223 1170 et
2237 1140 2333 1183 pag.
2351 1127 2454 1179 6,10
2484 1126 2666 1185 ἀργοὺς

310 1194 376 1237 καὶ
408 1193 600 1250 ὑπνηλοῦς
630 1191 698 1236 καὶ
728 1194 880 1250 βραδεῖς
910 1192 978 1248 τὴν
1008 1191 1161 1275 γνώμην
1199 1191 1414 1249 ἐργάζεται.
1482 1194 1706 1237 Praeterea
1736 1194 1855 1245 XIII,
1887 1196 1972 1239 333
2013 1195 2077 1239 διὰ
2108 1194 2326 1253 γυμνασίων
2355 1194 2381 1253 ἢ
2413 1195 2592 1255 ἀργίας
2624 1203 2667 1242 et

310 1267 435 1308 Plato
468 1264 815 1307 Theaet.15413
845 1260 1013 1318 ἡσυχίας
1042 1260 1108 1303 καὶ
1139 1261 1332 1318 ἀργίας.

518 1346 615 1388 pag.
647 1332 852 1384 5‚1..(K
870 1331 989 1386 902.)
1048 1347 1162 1374 οταν
1204 1331 1408 1388 μὲνγὰρ
1442 1349 1610 1374 συνιστ
1619 1332 1796 1387 άμενοι
1799 1333 1824 1388 .]
1870 1334 1931 1375 De
1965 1335 2046 1377 hoc
2076 1335 2175 1378 ludo
2207 1336 2300 1379 vide
2332 1349 2438 1391 quae
2470 1337 2580 1380 infra
2611 1338 2660 1380 de

309 1403 668 1459 sphaeromachiis
701 1365 888 1443 veterum
921 1401 1242 1454 disputavimus.

516 1484 591 1525 lin.
624 1483 664 1525 2.
703 1483 932 1535 νπολλοῖς
964 1480 1049 1537 μὲν
1080 1482 1480 1538 τραχηλισμοῖς]
1522 1484 1574 1524 cf.
1608 1482 1703 1525 Gal.
1735 1484 1812 1533 III,
1851 1484 1950 1525 182:
1993 1480 2197 1539 ἄνθρωπος
2236 1483 2275 1526 δ’
2300 1485 2333 1527 εἰ
2366 1486 2418 1541 μὴ
2450 1486 2514 1528 τὸν
2545 1486 2664 1542 τρά-

307 1557 466 1611 χηλον
498 1550 844 1594 ἀνακλάσει-εν
877 1550 947 1597 εἰς
977 1548 1225 1600 τούπίσω,
1256 1550 1320 1592 τὸν
1351 1549 1511 1606 οὐρανὸν
1542 1549 1612 1592 οὐκ
1642 1547 1688 1592 ἄν
1718 1567 1812 1593 ποτε
1844 1551 2041 1594 θεάσαιτο.

516 1634 590 1674 lin.
622 1633 664 1674 4.
724 1633 831 1678 ταῖς
861 1645 914 1671 τε
944 1634 1034 1671 τῶν
1066 1629 1305 1686 ἁμμάτων
1332 1630 1656 1687 περιθέσεσι]
1716 1631 1786 1674 Sic
1817 1633 1957 1674 locum
1989 1633 2352 1687 corruptissimum
2393 1637 2436 1676 et
2476 1635 2662 1690 interpo-

306 1738 466 1780 latione
498 1737 611 1779 male
642 1735 862 1778 turbatum
895 1746 1065 1776 sanasse
1097 1734 1201 1776 mihi
1237 1735 1376 1776 videor
1406 1748 1454 1776 ex
1488 1734 1588 1777 Cod.
1621 1735 1745 1777 Laur.
1784 1736 1990 1789 scriptura
2020 1739 2094 1777 τῶν
2125 1735 2316 1792 ἀμμάτων
2347 1719 2521 1779 τῗθέσεσι.
2580 1739 2659 1781 Est

308 1807 420 1848 enim
445 1806 550 1847 haec
567 1804 749 1846 elocutio
767 1801 957 1858 ἁμμάτων
982 1800 1176 1857 περίθεσις
1195 1803 1245 1844 de
1262 1803 1474 1855 palaestra
1504 1804 1651 1856 petita.
1700 1805 1804 1846 Vide
1823 1804 1917 1846 Gal.
1936 1805 2006 1851 VI,
2023 1817 2118 1859 pag.
2139 1806 2242 1847 145:
2274 1804 2428 1847 δύναιτο
2459 1804 2497 1847 δ’
2518 1803 2565 1848 ἂν
2595 1805 2662 1848 καὶ

306 1873 393 1930 περὶ
423 1874 493 1928 τὴν
522 1872 699 1928 κεφαλὴν
730 1868 852 1927 ἄκραν
883 1871 925 1911 τὸ
957 1867 1094 1925 ἅμμα
1125 1869 1351 1925 περιθεὶς
1384 1869 1557 1913 ἀνακλᾶν
1589 1872 1641 1918 εἰς
1672 1871 1842 1914 τούπίσω
1873 1871 2099 1927 βιαζόμενος
2131 1877 2173 1915 et
2205 1874 2304 1916 ibid.
2337 1887 2432 1928 pag.
2460 1874 2566 1916 451:
2598 1874 2662 1916 ἐπί

305 1959 347 1985 τε
377 1942 464 1989 τοὺς
496 1941 718 1998 εἰρημένους
749 1939 878 1995 ἡκέτω
908 1937 1046 1986 πόνους
1076 1937 1142 1980 καὶ
1172 1939 1266 1995 πρὸς
1291 1939 1437 1986 τούτοις
1469 1937 1542 1981 ὅσα
1574 1940 1637 1982 διὰ
1658 1944 1725 1996 τῆς
1755 1945 1829 1983 τῶν
1859 1941 2103 1996 ἁμμάτων
2134 1942 2451 1998 περιθέσεως
2482 1942 2660 2000 τρίβουσι.

307 2012 370 2055 Cf.
403 2013 531 2054 etiam
563 2010 664 2052 ibid.
695 2021 791 2064 pag.
826 2009 927 2050 142:
961 2009 1001 2049 ἐν
1032 2007 1163 2064 κύκλῳ
1193 2009 1270 2055 τοῖς
1301 2008 1438 2063 λαγόσι
1469 2010 1754 2065 περιβαλὼν
1785 2009 1852 2058 τὰς
1882 2012 2027 2067 χεῖρας.

509 2092 584 2133 lin.
618 2092 657 2134 6.
690 2090 762 2145 (Κ.
781 2090 900 2144 903.)
959 2087 1043 2130 καὶ
1074 2089 1164 2145 γὰρ
1195 2086 1278 2131 οὖν
1310 2087 1421 2144 καὶ]
1472 2090 1657 2132 Eandem
1688 2091 1991 2145 particularum
2023 2092 2354 2135 cumulationem
2385 2092 2515 2135 habes
2547 2093 2658 2148 apud

305 2162 516 2206 Galenum
547 2161 791 2214 saepissime
823 2160 940 2202 velut
970 2163 1072 2201 tom.
1106 2160 1181 2211 ΙΙΙ,
1213 2173 1252 2211 p.
1284 2160 1397 2206 403:
1432 2160 1524 2209 VII,
1555 2173 1622 2213 pp.
1654 2161 1682 2202 5
1714 2164 1755 2202 et
1786 2162 1824 2202 6.
1857 2185 1914 2191 —
1944 2159 2010 2202 καὶ
2039 2161 2113 2217 γὰρ
2144 2162 2193 2216 δὴ
2224 2160 2291 2202 καὶ
2322 2163 2399 2212 ΙΙΙ,
2430 2162 2528 2204 287.
2561 2163 2658 2204 312.

305 2256 362 2262 -—
391 2229 458 2273 καὶ
499 2229 567 2286 μὲν
608 2229 656 2284 δὴ
697 2227 763 2271 καὶ
794 2229 872 2279 ΙΙΙ,
904 2228 1001 2270 298.
1034 2229 1131 2270 432.
1164 2229 1261 2270 455.
1304 2251 1359 2258 —
1406 2226 1472 2270 καὶ
1511 2228 1578 2283 μέν
1618 2245 1662 2283 γε
1701 2227 1766 2271 καὶ
1797 2230 1873 2280 ΙΙΙ,
1904 2231 2002 2273 408.
2034 2232 2132 2273 411.
2163 2232 2262 2273 416.
2297 2254 2348 2260 -
2381 2229 2447 2272 καὶ
2486 2230 2560 2287 γάρ
2600 2247 2659 2272 τοι

303 2298 368 2342 καὶ
399 2299 474 2350 ΙΙΙ,
505 2300 604 2342 427.

514 2368 693 2411 ibidem:
740 2366 1078 2424 έδραιοτάτης
1116 2368 1194 2408 δεῖ
1221 2369 1315 2420 ,τῆς
1346 2366 1569 2423 βάσεως]
1630 2367 1683 2410 ef.
1716 2367 1809 2410 Gal.
1840 2368 1874 2419 I,
1905 2381 1955 2422 p..
1977 2369 2025 2411 ὃς
2072 2366 2097 2423 ἡ
2137 2367 2283 2424 βάσις
2315 2370 2395 2422 (τοῦ
2421 2367 2586 2425 Ἑρμοῦ)
2617 2369 2660 2410 τὸ

302 2439 456 2482 πάντων
489 2436 703 2495 σχημάτων
734 2435 1066 2493 ἑδραιότατόν
1097 2452 1139 2478 τε
1169 2434 1235 2478 καὶ
1266 2435 1634 2491 ἀμεταπτωτότατον
1666 2435 1751 2493 ἔχει
1781 2436 1845 2478 τὸν
1875 2436 2002 2492 κύβον.
2032 2460 2088 2467 -
2131 2437 2208 2487 III,
2239 2450 2279 2491 p.
2308 2438 2414 2480 189:
2446 2439 2575 2492 δῆλον,
2607 2436 2657 2485 ὡς

303 2509 356 2557 εἰς
388 2506 606 2565 ἀσφάλειαν
637 2506 753 2563 ἕδρας
782 2505 818 2548 οἱ
848 2506 1005 2553 πλατεῖς
1034 2503 1101 2547 καὶ
1131 2503 1341 2562 προμήκεις
1372 2503 1488 2553 πόδες
1520 2504 1739 2561 ἐπιτήδειοι,
1771 2503 1836 2548 καὶ
1867 2504 1931 2548 διὰ
1955 2502 2060 2548 τοῦτ’
2081 2503 2299 2562 ἀνθρώποις
2324 2504 2509 2562 ἐγένοντο,
2540 2504 2658 2548 πλέον

301 2576 327 2634 ἢ
358 2578 459 2618 κατὰ
490 2577 538 2618 τὰ
569 2575 789 2632 τετράποδα
820 2578 901 2632 ζῷα
941 2573 1196 2631 βαδίσεως
1236 2573 1449 2630 ἑδραίας
1490 2574 1761 2630 δεομένοις.
1795 2598 1847 2603 -
1880 2575 1980 2618 ibid.
2013 2586 2053 2629 p.
2085 2574 2190 2617 257:
2219 2573 2356 2617 τούτου
2387 2576 2455 2617 τοῦ
2486 2574 2581 2631 μυὸς
2613 2573 2654 2617 αἱ

301 2644 461 2688 ὄπισθεν
487 2645 568 2692 ἶνες
599 2645 640 2686 αἱ
670 2646 709 2692 ἐξ
739 2643 868 2701 ἰσχίου
899 2645 1108 2701 πεφυκυῖαι
1139 2642 1376 2699 στηρίζουσιν
1408 2644 1607 2699 ἑδραῖον
1637 2643 1680 2685 τὸ
1713 2643 1857 2691 σκέλος.

509 2715 584 2756 lin.
622 2714 687 2756 10.
747 2712 983 2768 καθάπερ
1013 2712 1059 2754 οἱ
1092 2712 1320 2762 θέοντες,
1352 2710 1631 2768 ἀνωμάλως
1662 2708 1805 2759 οὗτος
1835 2710 1917 2753 καὶ
1948 2710 2158 2766 ἀνίσως.]
2204 2711 2429 2754 Siclocum
2448 2712 2655 2754 difficilli-

302 2797 418 2826 mum
461 2786 503 2825 et
543 2783 595 2824 ab
629 2782 825 2824 omnibus
865 2782 1079 2835 hucusque
1120 2793 1268 2834 parum
1298 2782 1590 2834 percognitum
1621 2785 1748 2835 atque
1779 2781 2048 2823 intellectum
2079 2781 2286 2822 facillimo
2318 2781 2489 2835 negotio
2520 2781 2652 2822 inter-

299 2853 540 2908 punctionis
578 2852 700 2906 signo
740 2851 997 2904 transposito
1035 2863 1102 2892 me
1144 2863 1316 2893 sanasse
1357 2863 1489 2904 spero.
1558 2851 1717 2892 Eadem
1758 2849 1968 2892 sententia
2006 2850 2183 2891 recurrit
2223 2861 2317 2903 pag.
2352 2848 2489 2899 6,19.:
2540 2849 2574 2891 εἰ
2611 2849 2655 2892 δὲ

298 2922 392 2979 πρὸς
424 2919 571 2977 ὑγίειαν
602 2919 803 2971 ἐξετάζοις,
835 2918 904 2977 ἐφ’
938 2916 1026 2961 ὅσον
1057 2918 1235 2967 ἀνίσως
1265 2918 1450 2975 γυμνάζει
1479 2919 1526 2960 τὰ
1558 2919 1656 2976 μέρη
1687 2944 1743 2950 —-
1774 2917 1859 2961 οὐδ’
1895 2916 2063 2974 ὑγιαινόν
2094 2921 2137 2961 et
2166 2930 2272 2973 quae
2305 2931 2402 2970 sec.,
2434 2917 2653 2975 ἀνωμάλως

300 2994 413 3034 enim
444 3004 528 3033 non
558 3003 655 3032 cum
684 2990 907 3043 participio
941 2989 1103 3039 θέοντες,
1142 2991 1216 3031 sed
1247 3002 1343 3031 cum
1375 2987 1516 3035 ἀνίσως
1548 2989 1889 3043 conjungendum
1920 2991 1997 3030 est.

506 3059 581 3100 lin.
612 3058 676 3100 17.
710 3058 782 3111 (K.
800 3058 920 3112 904.)
979 3060 1066 3099 τοῦ
1097 3060 1426 3099 διακωλῦσαι
1457 3056 1535 3112 [τὸν
1567 3056 1682 3113 μέσον
1712 3054 1738 3112 ἢ
1770 3055 1886 3099 αὐτὸν
1917 3056 2156 3114 ὑφαρπάσαι,
2189 3057 2229 3098 ἐν
2258 3055 2383 3113 τούτῳ
2411 3054 2656 3111 κατασταίη].

293 3130 380 3171 Hic
398 3129 533 3177 locus,
562 3127 701 3181 qualis
718 3128 761 3169 in
777 3127 993 3169 codicibus
1011 3131 1054 3169 et
1071 3128 1325 3169 editionibus
1343 3130 1469 3176 extat,
1489 3139 1612 3168 sensu
1631 3128 1800 3168 omnino
1817 3130 1945 3177 caret,
1962 3140 2097 3181 neque
2115 3126 2322 3168 succurrit
2340 3126 2378 3167 ei
2395 3126 2653 3175 Helmreich,

297 3198 369 3252 qui
399 3200 497 3239 ante
536 3197 576 3239 ἐν
607 3194 731 3252 τούτῳ
763 3209 784 3238 e
816 3196 974 3239 codicis
1015 3196 1140 3238 latini
1171 3197 1423 3239 auctoritate
1455 3195 1708 3249 particulam
1738 3195 1772 3237 εἰ
1803 3195 1994 3238 inseruit.
2054 3195 2250 3237 Fortasse
2284 3195 2328 3237 in
2360 3195 2503 3237 codice
2536 3194 2651 3237 Lau-

298 3266 504 3317 rentiano,
536 3266 578 3308 id
595 3265 706 3319 quod
723 3265 886 3308 Helmr.
905 3265 1122 3308 contendit
1138 3265 1211 3307 sed
1233 3265 1431 3307 Vitellius
1462 3277 1545 3306 non
1563 3265 1781 3307 adnotavit
1797 3265 1915 3306 velut
1938 3265 1981 3306 in
1998 3264 2095 3306 Par.
2112 3259 2363 3318 particula&⁸
2383 3263 2540 3317 scripta
2557 3262 2652 3304 fuit.
