2975 3963
1389 197 1442 240 17

241 345 322 390 hoc
350 354 425 399 per
453 334 766 389 catastropha-m
807 345 931 388 saepe
967 336 1169 389 pronatus
1209 346 1335 391 aegre
1372 335 1423 379 de
1461 336 1629 380 ruinoso
1667 335 1776 379 flexu
1817 349 1861 379 se
1899 336 2179 392 recolligeret,
2209 337 2369 392 primus
2409 337 2501 381 ludi
2529 337 2582 381 ab

242 420 418 464 accentu
447 422 540 456 sese
569 409 791 452 removit.“

446 484 617 528 Etenim
661 484 697 526 si
741 484 984 526 memineris
1022 484 1107 527 loci
1146 497 1273 539 supra
1312 498 1361 527 ex
1397 486 1691 540 Etymologico
1728 486 1938 539 exscripti,
1966 481 2051 529 'ubi
2091 499 2226 529 sermo
2265 491 2355 529 erat
2392 488 2443 529 de
2482 500 2583 530 voce

242 568 401 627 ‚5302024‘
432 567 530 605 cum
558 559 702 613 eisque
733 571 783 600 ea
813 558 1056 609 contuleris,
1086 572 1195 613 quae
1210 555 1454 602 Athenaeus
1466 560 1499 614 ¹)
1525 573 1705 614 eumque
1729 563 1899 603 secutus
1915 560 2163 603 Eustathius
2177 563 2210 612 ⁵³)
2238 560 2397 613 dicunt,
2427 560 2583 618 φενίνὸα

241 646 382 688 lusum
422 632 559 692 ἄφεσιν
591 636 633 676 et
662 633 787 690 φυγὴν
824 633 1036 685 habuisse,
1075 646 1242 677 mecum
1273 637 1316 677 te
1346 634 1558 677 facturum
1590 648 1681 677 esse
1722 648 1855 689 spero,
1896 638 2032 678 totum
2074 636 2222 678 ludum
2264 636 2308 678 in
2345 637 2456 679 hunc
2495 636 2583 679 fere

241 717 412 762 modum
442 709 716 765 explanante:
751 708 964 750 Ludentes
996 709 1100 750 duas
1130 709 1336 752 factiones
1367 709 1570 760 efficiunt,
1601 710 1787 761 tramite,
1818 723 1943 764 quem
1974 714 2111 767 σκῦρον
2142 712 2309 761 vocant,
2340 710 2583 754 disiunctas,

241 794 360 836 Unus
400 783 577 829 alterius
615 783 752 826 utrius
784 783 923 836 partis
963 784 1134 834 sodalis,
1173 784 1242 827 vel
1282 786 1395 827 sorte
1435 784 1503 826 vel
1541 784 1847 827 acclamatione
1889 787 2069 836 creatus,
2112 799 2238 840 quem
2275 798 2373 828 cum
2412 783 2582 829 Sidonio

240 862 590 910 medicurrentem
630 858 908 912 appellamus,
947 860 1000 901 ad
1038 859 1223 901 limitem
1260 870 1392 912 usque
1431 859 1640 912 procurrit
1677 859 1893 913 pilamque
1940 860 1990 901 de
2021 860 2159 901 medio
2190 860 2406 901 sublatam
2437 860 2583 901 adver-

239 940 445 984 sariorum
476 935 644 977 cuidam
675 935 816 976 nescio
847 947 901 976 an
932 934 1101 976 nomine
1133 937 1282 976 vocato
1314 933 1448 983 offert,
1476 934 1550 976 alii
1580 936 1726 976 tamen
1756 934 1925 976 cuidam
1954 935 2101 985 mittit,
2133 935 2254 977 cuius
2285 937 2350 977 est
2380 935 2512 989 pilam
2541 936 2585 977 iu

240 1025 334 1058 aere
364 1011 593 1058 volantem,
624 1008 870 1062 priusquam
900 1009 954 1050 ad
982 1008 1159 1050 humum
1191 1006 1426 1056 delabatur,
1458 1008 1660 1061 excipere.
1721 1008 1825 1050 Tale
1856 1009 1956 1061 quid
1988 1022 2086 1051 vero
2117 1021 2169 1051 ne
2200 1009 2423 1060 accideret,
2455 1011 2585 1052 ceteri

241 1099 403 1143 quoque
445 1096 590 1126 omnes
627 1083 760 1136 pilam
800 1083 1011 1136 captaturi
1051 1083 1090 1124 ei
1131 1083 1426 1125 occurrebant:
1458 1081 1646 1134 Quorum
1676 1082 1749 1137 qui
1785 1083 2008 1138 globulum
2048 1083 2224 1138 excepit,
2265 1083 2585 1127 medicurrentis

238 1174 410 1206 munere
434 1160 615 1212 fungens
639 1158 693 1200 ad
717 1170 884 1211 scyrum
907 1157 1179 1212 procurrebat
1209 1157 1585 1212 cursitansque
1609 1169 1707 1200 eum
1732 1158 1984 1201 adversariis
2006 1159 2252 1202 remittebat
2274 1158 2433 1201 eisdem
2460 1158 2585 1201 nimi-

238 1250 332 1282 rum
363 1238 406 1278 et
436 1235 524 1290 ipse
556 1232 747 1276 artificiis
778 1245 827 1275 ac
857 1233 1219 1276 ludificationibus
1249 1234 1386 1283 utens,
1417 1243 1519 1286 quas
1550 1244 1676 1287 supra
1706 1234 2048 1276 memoravimus.
2120 1234 2217 1275 Pila
2247 1237 2389 1275 tamen
2420 1222 2586 1276 abiecta

237 1324 365 1368 quam
405 1309 624 1353 celerrime
665 1308 802 1351 medio
843 1308 886 1350 in
928 1321 1046 1363 scyro
1085 1310 1253 1362 tergum
1283 1308 1411 1350 vertit
1449 1332 1505 1338 —
1545 1319 1645 1351 nam
1684 1309 1745 1352 ita
1783 1308 1943 1352 Sidonii
1985 1310 2258 1363 catastropha
2298 1309 2586 1363 intellegenda

238 1391 302 1431 est
334 1411 388 1416 —
420 1386 464 1427 in
501 1384 767 1438 prioremque
805 1396 929 1425 suum
966 1383 1108 1425 locum
1148 1382 1372 1436 refugit,
1413 1395 1464 1424 ne
1504 1382 1614 1425 forte
1652 1384 1783 1437 pilam
1824 1383 1905 1426 sibi
1944 1384 2153 1426 redditam
2194 1384 2369 1437 effugiat
2399 1408 2456 1415 —
2487 1396 2585 1427 nam

238 1463 299 1505 ita
328 1459 543 1504 Eustathii
574 1457 703 1500 verba
734 1458 1048 1512 interpretanda
1079 1469 1171 1500 esse
1213 1469 1376 1508 censeo,
1417 1470 1523 1511 quae
1564 1460 1681 1499 sunt:
1720 1457 1769 1513 ,,ἡ
1801 1456 1977 1515 φαινίνδα
2010 1454 2147 1514 ἄφεσιν
2179 1457 2263 1515 εἶχε
2293 1457 2361 1500 καὶ
2391 1459 2585 1515 φυγήν.“

241 1560 293 1567 -
327 1536 377 1579 In
414 1534 527 1577 hunc
566 1533 696 1588 igitur
733 1533 902 1575 modum
942 1534 1155 1574 certamen
1192 1532 1344 1587 pergit,
1382 1534 1472 1573 tum
1511 1532 1681 1574 demum
1718 1534 1939 1584 exiturum,
1978 1534 2143 1587 quando
2184 1534 2273 1588 pila
2303 1546 2329 1576 a
2359 1534 2479 1576 nullo
2511 1538 2586 1577 aut

239 1613 412 1664 excepta
443 1611 517 1650 aut
547 1607 724 1650 remissa
755 1608 797 1648 in
835 1608 1007 1660 pulvere
1045 1607 1217 1648 haereat
1247 1609 1290 1648 et
1320 1607 1624 1660 exstinguatur.
1686 1608 1872 1659 Quorum
1910 1609 1952 1648 in
1991 1609 2141 1649 castris
2180 1609 2267 1661 pila
2307 1610 2498 1659 moritur,
2540 1611 2585 1651 hi

236 1685 339 1726 victi
370 1685 493 1731 suntz
525 1682 759 1735 superiores
791 1682 974 1723 evadunt
1004 1681 1141 1731 alteri,
1174 1684 1216 1723 et
1239 1681 1419 1734 primam
1444 1681 1665 1724 victoriam
1690 1684 1846 1735 puncto
1872 1682 2006 1734 primo
2032 1682 2170 1735 posito
2196 1682 2409 1726 denotant.
2471 1684 2585 1726 Loca

235 1760 530 1813 permutantur
561 1769 775 1810 novusque
814 1756 940 1797 ludus
982 1756 1192 1810 incipitur.
1254 1754 1547 1810 Compluribus
1584 1756 1826 1799 huiusmodi
1862 1755 1973 1798 ludis
2012 1755 2218 1798 absolutis
2256 1769 2305 1798 ea
2345 1758 2583 1800 ludentium

235 1847 333 1888 pars
364 1833 585 1875 victoriam
616 1843 825 1873 summam
856 1834 1054 1885 reportat,
1085 1843 1193 1885 quae
1224 1834 1385 1873 eertum
1410 1832 1619 1885 quendam
1650 1844 1871 1874 numerum
1901 1833 2152 1885 punctorum
2177 1831 2290 1885 prior
2319 1833 2473 1887 adepta
2503 1836 2582 1876 est.

446 1908 589 1957 Vides,
620 1919 746 1960 quam
777 1907 995 1959 utriusque
1025 1906 1117 1947 ludi
1146 1906 1254 1947 ratio
1287 1911 1412 1960 atque
1444 1919 1510 1948 ars
1543 1907 1710 1948 diversa
1740 1907 1806 1948 sit.
1867 1905 1915 1948 ln
1948 1907 2135 1960 episcyro
2176 1920 2251 1948 suo
2283 1908 2458 1961 quisque
2489 1908 2582 1951 loeo

238 1986 461 2026 stantes
491 1983 624 2037 pilam
655 1981 920 2033 emittebant,
951 1983 994 2024 in
1024 1981 1236 2034 pheninda
1266 1982 1309 2023 in
1348 1982 1532 2024 medium
1571 1983 1978 2036 procurrentes.
2049 1982 2144 2024 Illic
2185 1982 2234 2023 de
2275 1982 2431 2025 finibus
2462 1984 2582 2037 quasi

211 2055 379 2114 'pugna
410 2058 698 2113 expugnandis
717 2058 751 2111 3)
783 2057 1000 2110 agebatur,
1030 2057 1099 2099 hic
1129 2070 1294 2099 summa
1324 2057 1384 2098 rei
1415 2057 1457 2098 in
1488 2070 1536 2098 eo
1567 2058 1760 2106 vertitur,
1792 2060 1840 2099 ut
1870 2057 2001 2110 pilam
2033 2058 2138 2098 mori
2168 2070 2218 2099 ne
2250 2058 2403 2100 sinant.
2451 2059 2582 2101 Deni-

237 2146 317 2187 que
348 2135 391 2174 in
422 2135 498 2174 illo
531 2134 568 2173 ei
599 2133 816 2173 inferiores
849 2135 981 2182 erant,
1012 2132 1084 2185 qui
1115 2144 1241 2185 supra
1271 2131 1375 2172 fines
1407 2134 1615 2173 extremos
1647 2132 1806 2184 repulsi
1837 2134 1970 2180 erant,
2002 2132 2044 2173 in
2075 2132 2152 2173 hoc
2183 2145 2279 2174 vero
2311 2133 2362 2182 ei,
2403 2146 2580 2186 quorum

238 2209 281 2249 in
313 2211 463 2250 eastris
494 2208 581 2260 pila
611 2210 777 2248 mortua
808 2210 910 2248 erat.
972 2206 1053 2248 Sed
1085 2207 1134 2248 de
1165 2207 1230 2247 his
1260 2206 1477 2247 hactenus.

444 2283 521 2325 III.
596 2282 787 2323 Tertium
832 2294 964 2336 genus
1009 2282 1097 2335 pila
1140 2281 1310 2323 ludendi
1356 2281 1681 2335 harpastum
1727 2283 1909 2323 vocatur.
1979 2280 2099 2334 Quod
2138 2295 2232 2323 cum
2272 2294 2296 2323 a
2333 2281 2578 2334 Martiale⁴)

237 2357 455 2399 Athenaeo
472 2359 505 2399 5)
532 2356 748 2398 Clemente
775 2356 1060 2398 Alexandrino
1079 2355 1112 2410 c.)
1138 2368 1264 2409 quam
1289 2356 1483 2398 maximis
1509 2355 1707 2398 laudibus
1731 2356 1940 2405 efferatur,
1972 2356 2176 2409 imprimis
2199 2356 2400 2398 Romanis
2431 2357 2474 2398 in
2506 2357 2579 2398 de·

236 2431 348 2475 liciis
375 2430 506 2474 fuisse
532 2431 709 2474 videtur.
756 2430 956 2474 Attamen
983 2430 1020 2473 si
1045 2431 1230 2474 Luciano
1249 2432 1282 2486 τ)
1313 2434 1437 2486 atque
1469 2430 1689 2485 interpreti
1710 2430 1903 2473 Platonis
1921 2431 1955 2484 S)
1987 2429 2088 2472 fides
2119 2429 2309 2472 habenda
2340 2433 2417 2482 est,
2449 2431 2579 2473 etiam

445 2581 474 2624 ι)
500 2581 629 2615 Athen.
656 2581 684 2624 Ι,
711 2583 773 2617 25:
799 2581 954 2616 ἐκαλεῖτο
981 2582 1017 2616 δὲ
1042 2581 1199 2629 φαινίνδα
1225 2579 1291 2616 ἀπὸ
1316 2584 1379 2628 τῆς
1405 2579 1602 2630 ἀφέσεως
1626 2584 1692 2616 τῶν
1717 2579 1973 2628 σφαιριζόντων.

443 2637 473 2682 ²)
498 2649 531 2682 p.
560 2641 659 2681 1601,
692 2641 752 2675 51:
790 2635 841 2673 ὅτι
873 2637 912 2673 τὸ
944 2637 1158 2685 καλούμενον
1192 2637 1248 2674 διὰ
1279 2641 1341 2686 τῆς
1374 2639 1518 2687 σφαίρας
1550 2636 1724 2686 ἁρπαστὸν
1749 2639 1807 2672 καὶ
1832 2636 1875 2676 ὡς
1900 2636 1921 2684 ἡ
1949 2639 2112 2685 εἰρημένη
2139 2638 2295 2685 φαινίνδα
2320 2634 2479 2685 ἄφεσιν
2506 2638 2579 2687 εἶχε

238 2698 296 2731 καὶ
322 2695 430 2746 φυγὴν
457 2694 475 2731 ὁ
497 2694 676 2743 Ἀθήναιος
700 2697 800 2743 λέγει.

443 2754 474 2799 ⁸)
500 2753 719 2798 Quapropter
751 2753 824 2788 Gal.
858 2753 1020 2789 ludentes
1052 2756 1229 2799 comparat
1261 2765 1344 2789 cum
1374 2754 1525 2789 ducibus
1557 2753 1782 2789 exercituum
1813 2753 1856 2788 de
1889 2764 1921 2797 p.
1946 2764 1979 2797 p.
2007 2764 2081 2798 pag.
2107 2755 2185 2795 905.
2218 2752 2303 2788 edit.
2335 2756 2445 2789 nostr.
2480 2757 2513 2797 6.
2538 2758 2578 2793 4:

236 2811 414 2848 ἐπιθέσθαι
446 2811 509 2860 γὰρ
543 2812 577 2847 ἐν
611 2814 722 2860 καιρῷ
740 2812 798 2847 καὶ
828 2812 943 2859 λαβεῖν
974 2812 1174 2859 ἐπιθέμενον
1207 2813 1266 2848 καὶ
1299 2811 1560 2861 σφετερίσασθαι
1583 2810 1627 2847 τὰ
1651 2814 1716 2847 τῶν
1741 2812 1902 2847 ἐναντίων
1929 2831 1972 2834 -
1997 2813 2054 2846 καὶ
2079 2809 2222 2859 φυλάξαι
2246 2810 2290 2846 τὰ
2314 2812 2489 2859 κτηθέντα
2513 2816 2579 2848 τῶν

237 2866 371 2916 ἀγαθῶν
397 2872 592 2918 στρατηγῶν
618 2870 709 2918 ἔργα.
733 2870 804 2904 κτὲ.

442 2926 473 2972 ⁴)
498 2927 618 2973 Epigr.
644 2927 707 2971 IV,
735 2931 787 2971 19,
814 2929 846 2964 7.
895 2926 1057 2971 V11,32,
1085 2930 1137 2966 10.
1187 2927 1287 2971 XIV,
1311 2931 1368 2966 48.

443 2986 473 3026 ὅ)
499 2985 582 3021 vide
606 2997 684 3031 pag.
712 2989 765 3029 14,
790 2985 869 3021 adn.
894 2985 943 3032 2).
968 3007 1013 3011 —
1037 2986 1066 3031 ⁶)
1091 2986 1134 3021 cf.
1158 2997 1235 3032 pag.
1262 2989 1316 3031 15,
1340 2986 1420 3022 adn.
1445 2986 1493 3032 3).

443 3043 473 3089 ⁷)
498 3043 713 3079 Anacharsis
746 3055 820 3088 cap.
853 3046 909 3087 38,
941 3055 974 3088 p.
1005 3047 1090 3082 918.
1134 3046 1299 3093 μέμνησο,
1339 3041 1382 3093 ἦν
1415 3057 1498 3080 ποτε
1532 3046 1591 3080 καὶ
1623 3044 1671 3084 εἰς
1702 3043 1944 3090 Λακεδαίμονα
1976 3042 2088 3090 ἔὶθῃς,
2131 3041 2180 3090 μὴ
2222 3042 2398 3090 καταγεὶ’
2377 3057 2457 3079 ασαι
2493 3046 2581 3092 μηδὲ

237 3098 376 3135 ἐκείνων
414 3102 503 3149 μηδὲ
539 3114 588 3136 οι
591 3100 681 3143 σθαι
719 3098 831 3149 μάτην
865 3106 1019 3137 πονεῖν
1051 3115 1186 3144 αυτους,
1220 3100 1348 3138 ὁπόταν
1380 3099 1404 3150 ἢ
1439 3101 1583 3150 σφαίρας
1618 3102 1696 3149 πέρι
1727 3101 1762 3136 ἐν
1794 3114 1843 3147 τῳ
1869 3098 2005 3147 θεάτρῳ
2041 3098 2350 3147 συμπεσόντες
2387 3102 2579 3137 παίωσιν

237 3153 288 3191 ἀλ
297 3158 317 3192 λ
308 3171 348 3204 η
339 3156 403 3194 ’λο
414 3172 459 3198 υς
490 3160 561 3194 κτέ.

442 3215 471 3261 ⁸)
495 3215 612 3251 Schol.
637 3215 680 3250 ad
704 3215 794 3262 legg.
819 3215 847 3260 Ι,
873 3215 982 3254 6330
1018 3215 1179 3261 (Krause,
1205 3215 1333 3262 Gymn.
1358 3228 1391 3261 p.
1416 3215 1538 3259 308¹):
1575 3216 1683 3252 ἐνίοτε
1716 3216 1752 3251 δὲ
1782 3216 1841 3250 καὶ
1865 3218 2010 3263 σφαῖραν
2045 3212 2069 3262 ἢ
2094 3212 2179 3250 ἄλλο
2211 3228 2243 3251 τι
2269 3216 2459 3263 ἐρρίπτουν,
2496 3213 2581 3252 ὥστε

235 3267 294 3304 τὸν
320 3274 452 3318 πρῶτον
479 3271 685 3321 ἁρπάσαντα
709 3276 817 3309 νικᾶν.
843 3276 902 3309 καὶ
927 3273 1032 3313 πολὺς
1057 3272 1173 3314 αὐτοῖς
1197 3273 1291 3320 (scil.
1317 3279 1387 3314 τοῖς
1411 3272 1709 3320 Λακεδαιμονίοις)
1735 3270 1834 3311 οὗτος
1860 3270 1878 3306 ὁ
1904 3270 2003 3319 ἀγών.

2283 3332 2305 3365 3
