2975 3963
180 669 274 715 901

222 971 276 1015 10

220 1717 277 1759 20

1490 163 1521 206 4

276 300 298 342 1
325 304 401 342 τῶν
437 298 526 357 περὶ
564 300 634 356 τήν
671 299 813 357 ψυχήν.
871 296 1012 343 οὔκουν
1051 299 1137 343 οὐδ’
1166 299 1326 357 ἀμελεῖν
1364 300 1443 358 χρὴ
1484 303 1558 342 τῶν
1587 298 1731 356 ταύτης
1759 298 1960 355 κινήσεων,
1999 297 2132 341 ὁποῖαί
2160 314 2258 347 τινες
2294 297 2458 350 ἔσονται,
2502 301 2603 345 πολῦ
2632 301 2677 345 δὲ

327 377 474 430 μᾶλλον
502 371 529 431 ἢ
559 377 635 417 τῶν
664 377 733 417 τοῦ
763 373 938 431 σώματος
969 376 1241 431 ἐπιμελεῖσθαι
1270 375 1319 418 τά
1348 374 1386 417 τ’
1405 370 1509 418 ἄλλα
1537 372 1604 417 καὶ
1633 371 1717 431 ὅσῳ
1745 373 1960 431 κυριωτέρα
2000 371 2176 429 σώματος
2214 373 2241 430 ἡ
2282 372 2402 432 ψυχή.
2458 377 2573 422 τοῦτο
2609 375 2679 432 μὲν

325 449 376 505 δὴ
412 449 540 492 κοινὸν
576 448 760 492 ἁπάντων
796 448 1017 505 γυμνασίων
1056 452 1131 491 τῶν
1172 449 1269 505 μετὰ
1308 449 1493 506 τέρψεως,
1533 445 1636 491 ἄλλα
1666 447 1703 490 δ’
1724 447 1900 506 ἐξαίρετα
1939 455 2014 489 τῶν
2054 448 2119 490 διὰ
2150 452 2218 505 τῆς
2249 452 2411 506 σμικρᾶς
2441 447 2619 506 σφαίρας,
2649 447 2677 492 ἃ

326 524 405 579 ἐγὼ
428 527 493 566 νῦν
523 522 773 580 ἐξηγήσομαι.

536 597 635 655 Cap.
667 598 724 640 II.
785 597 943 654 Πρῶτον
984 595 1052 653 μὲν
1090 596 1115 653 ἡ
1158 596 1332 655 εὐπορία.
1391 598 1425 639 εἰ
1462 601 1553 654 γοῦν
1594 596 1804 653 ἐννοήσαις,
1845 594 1939 652 ὅσης
1979 597 2102 639 δεῖται
2139 602 2387 656 παρασκευῆς
2427 596 2467 641 θ’
2487 595 2573 655 ἅμα
2611 596 2679 640 καὶ

327 676 473 731 σχολῆς
502 672 551 716 τά
581 672 617 716 τ’
637 669 739 716 ἄλλα
768 672 893 715 πάντα
922 672 970 715 τὰ
1001 670 1088 729 περὶ
1113 673 1182 729 τὴν
1206 673 1332 730 θήραν
1355 673 1643 730 ἐπιτηδεύματα
1672 670 1738 714 καὶ
1768 672 1815 714 τὰ
1846 671 2065 727 κυνηγέσια,
2097 677 2228 731 σαφῶς
2258 672 2305 717 ἄν
2336 674 2489 731 μάθοις,
2518 674 2569 723 ὡς
2591 671 2680 718 οὔτε

326 752 400 791 τῶν
437 749 486 792 τὰ
523 749 701 792 πολιτικὰ
738 747 980 804 πραττόντων
1017 747 1145 796 οὐδεὶς
1176 745 1265 792 οὔτε
1295 752 1369 791 τῶν
1398 748 1466 797 τὰς
1497 749 1635 806 τέχνας
1666 746 1933 804 ἐργαζομένων
1963 746 2124 789 δύναται
2155 749 2496 805 μεταχειρίζεσθαι
2525 751 2573 793 τὰ
2603 767 2680 792 τοι-

329 827 429 867 αῦτα
466 822 667 880 γυμνάσια.
726 820 792 866 καὶ
836 823 911 881 γὰρ
955 822 1175 867 πλούτου
1220 828 1375 867 ταῦτα
1413 824 1579 867 δεῖται
1618 825 1807 866 πολλοῦ
1845 820 1912 864 καὶ
1951 821 2097 880 σχολὴν
2135 819 2293 879 ἄγοντος
2331 822 2404 867 οὐκ
2441 824 2574 882 ὀλίγην
2616 824 2681 869 ἀν-

330 899 496 956 θρώπου.
555 902 666 941 τοῦτο
697 897 740 941 δὲ
772 897 887 954 μόνον
918 896 1021 942 οὕτω
1060 916 1105 955 γε
1142 899 1428 956 φιλάνθρωπον,
1471 899 1521 947 ὡς
1562 899 1661 955 μηδὲ
1698 899 1761 941 τὸν
1791 899 2019 940 πενέστατον
2059 897 2216 953 ἀπορεῖν
2256 902 2324 953 τῆς
2364 898 2516 941 αὐτοῦ
2556 918 2681 958 παρα-

960 973 1013 989 )κ)
1035 972 1055 986 ΡΙ
1240 973 1330 988 )κ)ἐ“1
1522 974 1574 988 ’ἣν

330 978 479 1029 σκευῆς.
539 972 585 1016 οὐ
615 973 689 1029 γὰρ
720 973 896 1024 δικτύων,
928 991 998 1017 ουο
1034 978 1176 1025 οπλων,
1208 987 1277 1016 ουο
1313 991 1449 1023 ιππων,
1491 992 1582 1017 ουοε
1618 978 1739 1016 κυνῶν
1781 976 2029 1029 θηρευτικῶν,
2068 971 2170 1014 ἀλλὰ
2209 971 2375 1029 σφαίρας
2407 973 2525 1028 μόνης
2556 977 2681 1017 δεῖται

947 1047 982 1063 ΝΊ

328 1048 394 1090 καὶ
423 1047 564 1103 ταύτης
596 1051 768 1104 σμικρᾶς.
813 1046 916 1090 οὕτω
947 1059 968 1090 ο
1005 1045 1200 1104 εὔγνωμον
1230 1049 1284 1095 εἰς
1313 1048 1381 1095 τὰς
1412 1044 1535 1095 ἄλλας
1565 1047 1729 1104 πράξεις,
1760 1045 1851 1089 ὥστ’
1871 1046 2053 1103 οὐδεμιᾶς
2085 1046 2212 1089 αὐτῶν
2247 1046 2448 1104 ὀλιγωρεῖν
2471 1047 2682 1104 ἀναγκάζει

329 1122 374 1165 δι’
409 1121 515 1165 αὑτό.
573 1121 701 1164 καίτοι
730 1121 765 1164 τί
796 1120 843 1164 ἄν
874 1122 1134 1179 εὐπορώτερον
1163 1123 1309 1177 γένοιτο
1339 1126 1408 1164 τοῦ
1438 1121 1504 1164 καὶ
1534 1121 1656 1179 τύχην
1687 1120 1934 1178 ἀνθρωπίνην
1965 1119 2120 1163 ἅπασαν
2150 1120 2216 1163 καὶ
2246 1125 2379 1178 πρᾶξιν
2409 1122 2681 1178 προσιεμένου;

329 1201 402 1239 τῶν
434 1196 503 1251 μὲν
533 1196 607 1252 γὰρ
639 1195 740 1253 ἀμφὶ
770 1197 838 1244 τὰς
870 1196 993 1253 θήρας
1023 1195 1241 1252 γυμνασίων
1278 1200 1345 1252 τῆς
1375 1195 1556 1253 χρήσεως
1587 1195 1658 1237 οὐκ
1689 1194 1754 1252 ἐφ’
1774 1194 1865 1250 ἡμῖν
1896 1195 1921 1250 ἡ
1955 1195 2127 1251 εὐπορία.
2187 1196 2353 1238 πλούτου
2383 1212 2426 1237 τε
2455 1197 2528 1252 γάρ
2559 1198 2682 1239 δεῖται

328 1272 396 1318 τὴν
435 1271 688 1327 παρασκευὴν
728 1274 801 1312 τῶν
832 1269 1004 1326 ὀργάνων
1046 1269 1310 1327 ἐκπορίζοντος
1349 1268 1416 1311 καὶ
1463 1269 1642 1326 ἀργίας
1686 1269 1750 1311 τὸν
1794 1269 1928 1324 καιρὸν
1974 1269 2238 1325 ἐπιτηρούσης.
2298 1269 2434 1312 τούτου
2473 1270 2566 1326 ὃ’ἡ
2605 1275 2681 1312 τῶν

328 1345 504 1402 ὀργάνων
534 1346 761 1402 παρασκευὴ
792 1343 859 1387 καὶ
898 1346 976 1392 τοῖς
1015 1344 1262 1392 πενεστάτοις
1301 1341 1473 1400 εὔπορος,
1510 1342 1532 1386 ὅ
1562 1361 1604 1386 τε
1633 1343 1765 1399 καιρὸς
1795 1346 1862 1398 τῆς
1892 1343 2072 1400 χρήσεως
2103 1342 2169 1386 καὶ
2199 1344 2286 1391 τούς
2318 1344 2457 1393 ἱκανῶς
2488 1344 2681 1403 ἀσχόλους

250 1442 275 1461 ..a
329 1419 524 1478 ἀναμένει.
582 1420 625 1462 τὸ
667 1419 736 1477 μὲν
774 1420 822 1476 δὴ
860 1423 927 1475 τῆς
969 1418 1150 1476 εὐπορίας
1190 1418 1309 1462 αὐτοῦ
1340 1422 1563 1475 τηλικοῦτον
1593 1417 1753 1474 ἀγαθόν.
1814 1415 1872 1460 ὅτι
1902 1417 1945 1460 δὲ
1975 1416 2042 1460 καὶ
2080 1419 2414 1477 πολυαρκέστατον
2444 1425 2520 1462 τῶν
2550 1417 2681 1463 ἄλλων

603 1492 657 1509 ΡΝ)
684 1493 702 1508 Ἁ

328 1495 559 1552 γυμνασίων,
591 1508 645 1537 ωο
678 1512 724 1537 αν
756 1495 924 1550 μάλιστα
955 1494 1108 1550 μάθοις,
1141 1495 1175 1537 εἰ
1207 1495 1371 1551 σκέψαιο
1401 1494 1496 1537 καθ’
1517 1495 1676 1536 ἕκαστον
1701 1491 1839 1543 αὐτῶν,
1870 1490 1892 1535 ὅ
1915 1510 1950 1535 τι
1973 1510 2015 1535 τε
2039 1493 2199 1536 δύναται
2221 1493 2288 1536 καὶ
2311 1495 2391 1537 οἷόν
2415 1512 2450 1538 τι
2475 1497 2543 1552 τὴν
2569 1495 2682 1553 φύσιν

330 1570 441 1615 ἐστίν.
502 1570 678 1627 εὑρήσεις
718 1570 791 1627 γὰρ
832 1568 858 1625 ἤ
890 1570 1057 1627 σφοδρὸν
1088 1568 1113 1626 ἦ
1146 1570 1321 1626 μαλακὸν
1352 1568 1377 1626 ἦ
1407 1571 1455 1612 τοὶ
1495 1569 1602 1612 κάτω
1641 1572 1787 1625 μᾶλλον
1817 1566 1843 1624 ἢ
1874 1569 1922 1611 τὰ
1964 1565 2046 1611 ἄνω
2081 1574 2208 1612 κινοῦν
2238 1568 2264 1625 ἢ
2296 1571 2409 1627 μέρος
2439 1589 2474 1613 τι
2504 1572 2576 1627 πρὸ
2607 1575 2682 1614 τῶν

331 1644 472 1697 ἄλλων,
503 1645 582 1688 οἷον
613 1644 735 1701 ὀσφύν
765 1642 791 1701 ἦ
823 1644 999 1702 κεφαλὴν
1029 1642 1055 1700 ἢ
1086 1646 1221 1702 χεῖρας
1251 1642 1276 1701 ἢ
1310 1644 1479 1702 θώρακα.
1541 1644 1674 1687 Πάντα
1706 1643 1743 1686 δ’
1765 1645 1803 1693 ἐξ
1832 1642 1917 1686 ἴσου
1948 1644 1994 1686 τά
2027 1643 2125 1700 μέρη
2156 1647 2224 1687 τοῦ
2255 1643 2430 1700 σώματος
2460 1649 2586 1689 κινοῦν
2616 1643 2683 1688 καὶ

329 1720 539 1777 δυνάμενον
570 1718 635 1762 ἐπί
664 1736 707 1762 τε
736 1720 780 1762 τὸ
820 1719 1080 1777 σφοδρότατον
1112 1719 1328 1776 ἀνοίγεσθαι
1364 1719 1429 1762 καὶ
1467 1719 1530 1762 ἐπὶ
1570 1720 1612 1762 τὸ
1655 1719 1932 1775 μαλακώτατον
1963 1718 2148 1776 ὑφίεσθαι
2177 1723 2252 1761 τῶν
2284 1719 2352 1775 μὲν
2398 1717 2528 1763 ἄλλων
2559 1719 2682 1771 οὐδέν,

329 1799 441 1838 τοῦτο
481 1794 525 1837 δὲ
567 1794 682 1851 μόνον
724 1795 767 1837 τὸ
806 1795 870 1837 ὖιά
912 1798 978 1851 τῆς
1020 1798 1178 1851 σμικρᾶς
1219 1794 1384 1852 σφαίρας
1425 1794 1644 1850 γυμνάσιον,
1682 1794 1861 1843 ὀξύτατον
1893 1796 1932 1837 ἐν
1964 1794 2071 1851 μέρει
2101 1792 2167 1837 καὶ
2198 1794 2436 1852 βραδύτατον
2466 1794 2680 1852 γενόμενον,

330 1870 589 1927 σφοδρότατον
619 1869 686 1911 καὶ
717 1870 933 1926 πραότατόν
962 1886 1014 1920 τε,
1046 1869 1095 1917 ὡς
1125 1868 1171 1912 ἄν
1202 1869 1316 1917 αὐτός
1346 1885 1389 1911 τε
1419 1870 1618 1926 βουληθῇς
1648 1868 1713 1911 καὶ
1744 1869 1785 1911 τὸ
1817 1873 1926 1925 σῶμα
1956 1867 2140 1927 φαίνηται
2169 1869 2362 1926 δεόμενον.
2411 1868 2513 1913 οὕτω
2543 1870 2586 1913 δὲ
2616 1869 2682 1913 καὶ

328 1947 375 1987 τὰ
409 1946 507 2002 μέρη
547 1947 662 1986 κινεῖν
705 1945 773 2000 μὲν
812 1945 910 1987 ἔστιν
948 1945 1066 1987 αὐτοῦ
1096 1944 1216 1987 πάνθ’
1239 1944 1349 2000 ὁμοῦ,
1392 1945 1425 1986 εἰ
1456 1948 1568 1986 τοῦτο
1601 1944 1806 2001 συμφέρειν
1849 1943 2003 1994 δόξειεν,
2046 1944 2101 1985 ἔτι
2142 1944 2186 1986 δὲ
2227 1945 2300 2001 πρὸ
2332 1942 2462 1987 ἄλλων
2494 1943 2606 1996 ἄλλα,
2648 1945 2682 1987 εἰ

538 2081 572 2120 1.
611 2080 734 2117 οὔκουν
760 2093 823 2117 nos
847 2082 982 2126 Hlmr.;
1007 2083 1050 2117 ef.
1076 2082 1173 2120 Nott,
1199 2093 1232 2126 p.
1256 2085 1309 2120 11.
1351 2080 1476 2118 οὐκοῦν
1503 2081 1721 2116 Codd.Editt.
1747 2102 1791 2106 —
1817 2080 1941 2118 οὐκοῦν
1968 2102 2011 2106 -
2038 2082 2172 2117 ἔσονται
2196 2092 2278 2116 0111:
2304 2080 2352 2115 Μ.
2401 2101 2445 2107 -
2494 2083 2618 2118 πολλαὶ
2641 2083 2680 2117 L.

330 2139 443 2175 πολλὰ
467 2139 565 2183 Par.;
621 2139 708 2176 πολὺ
741 2139 902 2174 M.Editt.
947 2160 990 2164 —
1026 2138 1062 2178 2.
1085 2138 1128 2174 τά
1163 2137 1188 2174 τ’
1227 2136 1315 2175 ἄλλα
1339 2138 1510 2181 M.Editt.,
1555 2140 1665 2174 τᾶλλα
1708 2139 1810 2184 (corr.
1856 2139 1977 2173 eadem
2020 2150 2066 2173 m.
2107 2137 2151 2174 τά
2187 2136 2213 2173 τ’
2255 2135 2358 2183 ἄλλα)
2393 2139 2440 2181 L;
2486 2160 2530 2164 —
2573 2138 2682 2176 τᾶλλα

331 2209 407 2233 om:
455 2196 499 2232 τὰ
545 2197 622 2232 Par.
683 2218 727 2222 -—
798 2199 991 2247 κυριωτέρα
1040 2208 1105 2232 nos
1153 2199 1189 2231 et
1235 2197 1292 2241 M;
1362 2195 1565 2245 κυριώτερον
1612 2196 1772 2240 LEditt.;
1851 2195 2040 2245 κυριώτερα
2089 2196 2166 2231 Par.
2215 2195 2417 2245 κυριᾶπεραι
2468 2197 2581 2233 Hlmr.
2637 2219 2681 2223 -—

331 2300 487 2348 σώματος
510 2299 647 2350 ἥψω-χή
671 2300 894 2344 Par.Editt..;
920 2311 1002 2335 om:
1028 2300 1091 2335 sed
1115 2300 1153 2334 in
1177 2311 1264 2344 mrg.
1289 2300 1368 2334 add.
1383 2300 1447 2344 L¹3
1468 2300 1517 2334 Μ.
1543 2320 1586 2325 --
1610 2300 1646 2339 ῧ.
1672 2299 1790 2349 πρώτη
1816 2299 1923 2334 LPar.
1950 2320 1993 2324 —
2018 2303 2152 2348 πρῶτον
2178 2300 2326 2335 MEdjtt.
2363 2321 2407 2325 --
2444 2269 2623 2348 ἑννοῆσαῗσ
2648 2302 2684 2347 (σ

331 2359 374 2394 ab
399 2359 474 2394 ead.
498 2370 546 2394 m.
573 2370 680 2404 supra
703 2358 799 2404 add.)
824 2358 863 2394 L.
901 2379 944 2383 —
982 2355 1010 2393 θ’
1042 2355 1113 2406 ἅμα
1136 2368 1202 2393 nos
1226 2357 1339 2392 Hlmr.
1388 2372 1425 2393 τε
1453 2354 1525 2406 ἅμα
1551 2357 1770 2393 Codd.Editt.
1795 2378 1839 2383 —-
1865 2371 1903 2393 τε
1928 2355 2000 2405 ἅμα
2024 2360 2083 2394 καὶ
2107 2359 2236 2408 σχολῆς
2261 2369 2342 2394 om:
2367 2357 2415 2393 M.
2440 2379 2483 2383 —
2508 2358 2545 2397 6.
2571 2359 2681 2408 θῆραν

332 2417 440 2452 LPar.
452 2437 495 2442 —-
509 2416 542 2455 7.
554 2415 664 2457 οὐδεὶς
672 2437 716 2441 -
727 2415 867 2452 δύναται
875 2415 913 2450 Μ
924 2414 1034 2456 οὐδεὶς
1044 2436 1087 2441 -
1098 2415 1240 2456 δυνατὸς
1248 2415 1407 2450 Hlmr.—
1418 2413 1583 2452 οὐδενὶ-
1593 2415 1735 2452 δυνατὸν
1746 2414 1967 2450 LPasEditt.
1978 2436 2022 2440 —
2030 2415 2066 2454 8.
2078 2414 2227 2452 πλούτου
2241 2417 2348 2452 δεῖται
2360 2417 2489 2452 πολλοῦ
2502 2427 2566 2452 nos
2578 2428 2623 2452 ex
2636 2417 2682 2453 L:

332 2476 463 2510 πολλοῦ
496 2475 602 2510 δεῖται
633 2475 765 2509 πολλοῦ
798 2473 965 2519 (alterum
998 2475 1128 2509 πολλοῦ
1153 2475 1275 2517 postea
1299 2473 1483 2519 deletum).
1544 2473 1770 2508 Codd.Editt:
1809 2474 1942 2508 πολλῶν
1967 2493 2010 2497 -—
2036 2474 2152 2509 δεῖται.
2213 2473 2283 2508 Sed
2306 2472 2458 2509 πλούτου
2483 2493 2527 2498 -
2552 2475 2682 2511 πολλοῦ

332 2532 561 2568 scribendum
584 2542 674 2576 esse,
699 2531 807 2566 etiam
830 2530 964 2566 Helmr.
990 2531 1203 2576 suspicatur.
1253 2552 1296 2556 —
1341 2530 1378 2570 9.
1427 2531 1539 2576 Supra
1564 2529 1666 2578 μόνον
1692 2531 1866 2576 scriptum
1889 2531 1995 2566 habet
2020 2529 2059 2567 οὐ
2083 2531 2138 2566 L¹.
2164 2552 2208 2556 —
2235 2528 2326 2567 οὕτω
2350 2545 2389 2579 γε
2413 2531 2521 2566 LPar.
2545 2542 2619 2566 om.
2644 2547 2683 2580 γε

331 2589 482 2624 MEditt.
514 2609 558 2614 -——
594 2588 635 2625 τὸ
658 2591 867 2624 πενέστατον
891 2588 940 2623 Μ.
964 2608 1009 2613 -
1046 2586 1152 2624 αὐτοῦ
1177 2599 1259 2632 nos;
1297 2590 1422 2625 ἑαυτοῦ
1448 2588 1667 2624 Codd.Editt.
1704 2609 1748 2613 —
1796 2588 1857 2627 10.
1884 2587 1988 2637 μόνον
2014 2590 2119 2625 δεῖται
2143 2588 2191 2624 Μ.
2229 2609 2273 2614 -
2321 2587 2378 2627 11.
2404 2592 2548 2637 σμικρᾶς
2571 2589 2681 2628 LPar.

333 2651 456 2696 μικρᾶς
480 2647 629 2682 MEditt.
654 2667 698 2672 —
724 2644 900 2693 εὔγνωμον
924 2645 1073 2680 MEditt.
1099 2644 1282 2693 εὐγνώμων
1306 2646 1415 2681 LPar.
1449 2667 1493 2671 —-
1529 2645 1687 2693 οὐδεμιᾶς
1712 2646 1862 2681 MEditt.
1888 2644 1967 2682 οὐδὲ
1992 2650 2070 2693 μιᾶς
2093 2646 2317 2681 LPar.Hlmr.
2354 2667 2398 2671 —
2445 2645 2505 2685 12.
2531 2645 2569 2682 δι’
2598 2645 2683 2682 αὐτὸ

332 2704 385 2748 Κ;
423 2702 460 2740 δι’
500 2703 603 2740 ἑαυτὸ
638 2702 693 2747 Μ;
730 2701 767 2740 δι’
809 2701 895 2739 αὐτὸ
928 2701 1086 2739 LABCh.
1147 2701 1172 2739 δ’
1202 2701 1287 2739 αὐτό
1323 2702 1400 2738 Par.
1461 2724 1505 2728 —
1578 2700 1712 2740 ἅπασαν
1750 2702 1943 2739 LfflEditt.
1993 2701 2098 2740 ἅπασι
2122 2703 2168 2738 L*
2193 2703 2253 2749 (ex
2278 2724 2322 2728 —-
2348 2717 2410 2740 σαν
2435 2704 2559 2749 corr.);
2593 2705 2680 2747 Par3

332 2764 558 2811 προσιεμένου
583 2761 640 2807 (ου
663 2771 708 2795 ex
734 2775 782 2796 ων
806 2761 892 2795 fecit
905 2760 966 2805 L’)
989 2760 1099 2795 Editt.
1114 2781 1157 2785 —
1170 2760 1230 2801 13.
1256 2762 1381 2810 ἐφημῖν
1405 2760 1446 2796 L.
1461 2781 1504 2785 —
1518 2759 1578 2799 14.
1605 2758 1722 2809 ἀργίας
1747 2762 1876 2810 σχολῆς
1888 2760 2125 2798 L¹Par.Editt.
2151 2758 2269 2810 ἀργίας
2292 2761 2401 2796 erasit
2412 2761 2468 2797 L'.
2501 2763 2611 2812 σχολῇ
2632 2762 2681 2798 Μ.

334 2818 453 2867 ἀργίας
465 2818 613 2854 inclusit
625 2818 737 2853 Hlmr.
749 2831 758 2862 ς
771 2829 837 2854 nos
850 2818 980 2868 σχολῆς
992 2819 1234 2863 expunximus
1248 2819 1291 2854 cf.
1303 2818 1337 2854 N
1339 2820 1400 2854 ott.
1410 2838 1454 2843 —
1468 2817 1591 2854 τούτου
1604 2818 1650 2853 L*
1662 2819 1723 2865 (ex
1736 2817 1868 2854 τούτων
1882 2818 1942 2865 L¹)
1951 2818 2028 2853 Par.
2039 2839 2083 2844 —
2096 2817 2227 2854 τούτων
2241 2817 2436 2854 L¹MEdjtt.
2449 2839 2493 2843 —
2508 2817 2532 2854 δ’
2544 2817 2568 2867 ἡ
2580 2830 2627 2855 ex
2639 2819 2682 2869 δὴ

333 2888 421 2911 corr.
446 2876 492 2918 L3
517 2897 560 2901 —
585 2874 610 2911 δ’
640 2874 658 2911 ὸ
681 2879 748 2911 τῶν
762 2876 839 2910 Par.
865 2896 909 2901 --
936 2876 972 2911 δὲ
995 2880 1062 2910 τῶν
1086 2875 1235 2909 MEditt.
1261 2897 1305 2901 —
1328 2875 1390 2913 15.
1415 2874 1633 2915 πενεστάτοις
1670 2873 1815 2923 εὔπορος
1840 2887 1918 2910 om:
1945 2874 1988 2915 ὡς
2014 2877 2146 2923 εἴρηται
2169 2875 2375 2909 LPar.etM
2399 2875 2436 2909 id
2461 2877 2556 2920 quod
2568 2877 2681 2911 Hlmr.

333 2932 559 2978 praeteriisse
582 2932 734 2971 videtur,
772 2953 815 2957 —
854 2930 897 2972 ὡς
923 2932 1054 2980 εἴρηται
1078 2931 1188 2967 Editt.
1238 2929 1383 2981 εύπορός
1406 2946 1444 2968 τε
1468 2930 1586 2980 καιρός
1609 2933 1653 2968 L¹
1679 2944 1765 2968 corr.
1791 2932 1846 2967 L2.
1894 2954 1938 2958 ——
2010 2931 2169 2982 ἀσχόλως
2192 2932 2300 2967 LPar.
2338 2953 2381 2957 —
2418 2932 2477 2971 16.
2504 2932 2613 2969 αὐτῶν
2638 2934 2685 2969 L'

334 2991 438 3035 (corr.
462 3000 508 3025 ex
535 2987 650 3036 αὐτῶ).
677 2987 771 3037 αὐτῷ
789 2989 867 3024 Par.
893 3009 938 3014 -—
977 2987 1083 3025 αὐτοῦ
1108 2988 1256 3024 MEditt.
1290 3011 1334 3015 —
1371 2991 1692 3039 πολυκρατέστατον
1718 2989 1765 3025 Μ.
1814 3011 1858 3015 —
1906 2988 1963 3029 17.
1990 2987 2060 3027 οἷόν
2085 3004 2117 3027 τι
2141 2988 2252 3025 Εάἰΐίῑ.
2276 3003 2308 3026 τι
2333 3000 2429 3035 supr.
2454 2989 2533 3026 add.
2558 2990 2682 3027 L²Par.

335 3069 379 3072 —
405 3058 478 3082 om.
503 3061 536 3083 τι
559 3047 608 3082 Μ.
645 3068 689 3072 —
726 3047 786 3086 18.
813 3049 943 3095 μᾶλλον
968 3058 1036 3082 om.
1061 3047 1109 3081 M.
1140 3066 1185 3071 —
1215 3047 1299 3096 πρὸς
1323 3051 1389 3083 τῶν
1415 3045 1528 3083 ἄλλων
1554 3048 1677 3084 L’Par.
1697 3068 1742 3073 —
1766 3047 1826 3087 19.
1851 3048 1940 3083 Post
1962 3047 2104 3098 θώρακα
2126 3048 2300 3093 punctum
2322 3047 2454 3082 habent
2476 3047 2556 3083 Par.
2581 3049 2618 3083 et
2640 3047 2683 3087 Β.

334 3127 378 3131 -
403 3104 466 3144 w.
492 3106 682 3152 δυναμένου
705 3104 753 3140 Μ.
790 3126 835 3131 -
883 3104 1123 3153 μαλακότατον
1148 3105 1268 3139 LPar.
1305 3127 1349 3131 —-
1385 3105 1444 3144 21.
1471 3110 1613 3154 σμικρᾶς
1636 3106 1815 3141 LMEditt.
1842 3109 1964 3154 μικρᾶς
1987 3105 2066 3141 Par.
2091 3126 2135 3130 -
2160 3104 2222 3144 722.
2249 3105 2423 3154 βουληθῇς
2447 3125 2491 3130 -
2518 3107 2682 3156 φαίνηται

334 3163 379 3199 Κ.
404 3163 611 3212 βουληθείης
636 3184 680 3188 -
705 3163 862 3212 φαίνεται
885 3161 1163 3198 I.Par.MABCh.
1190 3184 1233 3188 —
1271 3161 1432 3211 δεόμενον
1464 3162 1537 3209 (δεο
1568 3163 1605 3199 in
1630 3163 1714 3208 ras.)
1740 3163 1786 3208 L3
1811 3163 1866 3209 (in
1888 3175 1975 3209 mrg.
2001 3163 2044 3199 ab
2067 3163 2142 3199 ead.
2167 3174 2214 3198 m.
2239 3163 2419 3199 additum:
2443 3178 2494 3213 γρ.
2519 3165 2683 3212 ἐμμένον)

335 3220 412 3258 Par.
438 3242 482 3247 —
508 3222 656 3271 ἑμμένον
681 3219 830 3258 MEditt.
867 3242 911 3247 —
936 3219 998 3262 23.
1026 3218 1132 3259 αὐτοῦ
1157 3220 1202 3257 L¹
1226 3220 1328 3268 (corr.
1354 3233 1398 3257 ex
1425 3219 1525 3269 αὐτὸ)
1550 3221 1658 3258 Editt.
1685 3220 1780 3271 αὐτῷ
1799 3221 1927 3259 Par.M.
1964 3244 2007 3248 —
2034 3219 2127 3271 ὅμως
2151 3221 2199 3259 Μ.
2236 3243 2279 3248 —-
