2975 3963
1589 145 1647 186 20

635 284 870 339 Postquam
908 283 1021 327 enim
1062 281 1382 332 demonstravit,
1422 282 1506 324 tria
1542 294 1699 336 genera
1738 294 1892 335 parvae
1930 283 2044 336 pilae
2084 282 2230 332 fuisse,
2271 295 2450 336 quorum
2489 295 2567 325 sua
2594 286 2788 340 quodque

432 359 632 404 exercitia
676 358 866 410 haberet,
911 357 1150 402 accuratius
1196 356 1247 399 de
1293 356 1420 399 tertio
1465 368 1618 411 genere
1663 355 1866 410 disputat.
1950 357 2069 400 Haec
2114 357 2228 400 enim
2270 339 2425 411 parvae
2469 358 2583 412 pilae
2628 360 2789 413 species

428 434 620 478 omnium
649 436 742 476 erat
781 432 978 484 maxima,
1018 444 1101 486 qua
1138 431 1300 474 lusores
1340 443 1425 473 non
1461 431 1621 484 singuli
1658 431 1727 473 vel
1764 430 1852 473 bini
1893 430 1967 473 sed
2004 431 2132 474 multi
2170 435 2315 474 contra
2352 430 2509 474 multos
2549 436 2789 488 pugnantes

428 508 673 553 utebantur.
734 506 957 551 Ludebant
993 519 1106 557 vero,
1137 507 1211 558 ait,
1250 507 1296 554 ἐξ
1333 504 1702 561 ἀποστήματος
1739 508 2035 554 διεστῶτες,
2077 509 2253 561 tumque
2292 508 2407 549 hisce
2445 506 2585 549 verbis
2624 508 2787 563 pergit:

431 582 594 635 „tunimo
635 581 680 625 δὲ
717 582 766 625 τὸ
807 580 894 638 μὲν
935 579 1137 624 στάδιόν
1175 579 1376 635 (στατικόν,
1416 579 1613 637 στάσιμόν)
1651 581 1744 630 ἐστι,
1781 579 1832 622 τὸ
1872 578 1926 622 δὲ
1957 579 2212 636 δρομικόν·
2242 581 2279 623 οἰ
2310 580 2379 637 μὲν
2410 582 2620 630 ἑστῶτες
2650 581 2790 641 ἀφιᾶσι

426 659 500 715 τήν
537 658 703 716 σφαῖραν
741 656 838 713 μετὰ
877 655 1137 713 σφοδρότητος
1175 654 1241 699 καὶ
1286 654 1488 714 συνεχείας
1532 653 1598 698 καὶ
1642 653 1835 697 ὀνίνανται
1878 654 2087 712 βραχίονάς
2124 671 2167 697 τε
2206 654 2273 698 καὶ
2312 653 2480 712 ὄμματα.
2525 683 2581 690 —-
2625 657 2690 701 Τὸ
2736 660 2789 702 δὲ

430 732 676 792 δρομικὸν
715 730 926 790 βραχίονας
965 729 1034 788 μὲν
1075 729 1141 773 καὶ
1181 727 1267 789 ὄψιν
1307 729 1452 787 ὁμοίως
1490 728 1636 786 ὀνίνησι
1675 733 1740 787 τῷ
1775 730 2150 787 προειρημένῳ,
2190 728 2339 786 ὠφελεῖ
2374 730 2418 773 δὲ
2457 732 2523 776 καὶ
2566 735 2683 789 σκέλη
2724 735 2788 777 διὰ

432 810 498 852 τὸν
528 807 704 865 ὃρόμον.“

640 882 766 924 Hunc
797 882 941 924 locum
972 881 1165 924 homiues
1198 882 1311 925 docti
1341 881 1402 925 ita
1435 881 1706 936 intellegunt,
1738 883 1786 923 ut
1818 880 2051 932 enuntiata,
2084 893 2190 936 quae
2221 884 2319 924 suut
2350 880 2506 924 στάδιον
2538 886 2581 926 et
2610 884 2790 940 δρομικόν

435 961 489 1001 ad
527 958 718 1013 singulas
760 957 1032 998 factiones
1075 957 1199 998 unius
1245 957 1515 1010 eiusdemque
1564 956 1653 998 ludi
1699 955 1897 1005 referant,
1951 968 2131 1008 quarum
2181 956 2360 998 alteram
2413 957 2507 999 loco
2556 970 2631 1000 suo
2678 961 2790 1001 stare

437 1034 619 1076 alteram
650 1043 831 1074 currere.
891 1030 960 1074 Sic
991 1031 1259 1074 Mercurialis
1277 1032 1312 1084 1)
1343 1031 1394 1072 de
1425 1034 1545 1085 parte
1579 1029 1755 1072 statoria
1785 1041 1834 1072 ac
1865 1030 2047 1072 motoria
2079 1031 2201 1080 dicit;
2233 1031 2319 1081 sed,
2350 1033 2398 1073 ut
2427 1031 2606 1081 videtur,
2641 1044 2791 1085 parum

435 1111 560 1150 recte.
621 1107 733 1149 Nam
765 1108 854 1148 sine
886 1105 1027 1156 dubio,
1060 1106 1102 1147 id
1133 1106 1244 1159 quod
1276 1105 1405 1147 etiam
1437 1105 1641 1159 interpres
1672 1105 1797 1146 huius
1828 1104 1911 1146 loci
1942 1104 2232 1157 francogallus
2274 1107 2386 1147 recte
2416 1105 2537 1157 vidit,
2579 1107 2660 1148 hoc
2697 1107 2790 1149 loco

435 1195 519 1224 uon
550 1183 601 1223 de
632 1181 814 1235 singulis
854 1179 1046 1233 partibus
1090 1192 1226 1221 sermo
1269 1182 1346 1230 est,
1387 1180 1460 1220 sed
1502 1180 1552 1221 de
1594 1178 1756 1221 duobus
1794 1179 1903 1221 inter
1934 1190 1977 1220 se
2010 1178 2308 1222 diversissimis
2349 1179 2572 1235 generibus
2602 1180 2789 1232 ludendi,

430 1270 614 1311 quorum
644 1256 689 1298 in
718 1255 853 1297 altero
884 1255 1048 1296 lusores
1079 1256 1212 1308 pilam
1244 1266 1318 1296 suo
1350 1255 1527 1308 quisque
1566 1254 1659 1295 loco
1701 1256 1919 1295 stantes
1959 1253 2225 1305 emittebant,
2267 1255 2309 1297 in
2349 1256 2483 1299 altero
2522 1256 2565 1298 in
2604 1256 2792 1300 medium

434 1334 742 1375 currentes.
803 1331 952 1383 Itaque
983 1331 1128 1372 nullus
1160 1331 1317 1379 dubito,
1349 1331 1450 1382 quin
1481 1330 1696 1382 AntylluS,
1739 1342 1836 1370 cum
1868 1330 1918 1369 de
1950 1330 2050 1369 ludo
2081 1330 2256 1370 statario
2299 1331 2470 1381 diceret,
2514 1332 2563 1372 de
2603 1332 2791 1387 episcyro

435 1405 699 1461 cogitaverit,
730 1404 802 1458 qui
833 1416 931 1447 cum
959 1416 1102 1459 pugna
1133 1404 1310 1447 stataria
1341 1406 1454 1446 recte
1487 1403 1721 1456 comparari
1751 1406 1904 1456 potest,
1946 1405 2044 1457 quia
2073 1404 2267 1446 ludentes
2305 1405 2348 1446 in
2380 1417 2428 1447 eo
2460 1406 2591 1448 firmis
2621 1409 2717 1461 post
2747 1419 2792 1449 se

436 1480 660 1535 descriptis
691 1479 886 1522 terminis
917 1479 1180 1523 arcebantur.

646 1554 756 1596 Tum
786 1566 886 1596 vero
927 1553 1058 1596 etiam
1100 1565 1270 1595 necesse
1313 1555 1390 1603 est,
1430 1552 1655 1607 Antyllum
1694 1555 1854 1594 ceteros
1898 1553 2002 1595 duos
2033 1553 2169 1603 ludos,
2210 1554 2363 1607 quippe
2395 1553 2438 1594 in
2469 1554 2620 1607 quibus
2650 1555 2739 1607 pila
2770 1567 2795 1597 a

438 1629 776 1672 currentibus
809 1627 1087 1681 emitteretur,
1119 1626 1265 1668 ambos
1293 1628 1345 1668 ad
1369 1627 1553 1668 alterum
1579 1638 1725 1680 genus,
1756 1627 1870 1679 quod
1893 1626 2073 1682 δρομικόν
2104 1627 2305 1681 appellat,
2336 1628 2567 1670 rettulisse.
2614 1628 2725 1669 Nam
2751 1629 2794 1670 in

438 1703 507 1746 his
537 1703 650 1745 ludis
680 1702 845 1744 lusores
876 1702 960 1744 huc
990 1702 1097 1744 illuc
1129 1701 1475 1754 digrediebantur
1505 1713 1554 1743 ac
1585 1701 1892 1751 discurrebant,
1934 1714 2068 1755 neque
2108 1702 2210 1743 ullis
2252 1701 2489 1743 carceribus
2529 1702 2794 1745 tenebantur.

438 1777 635 1821 Ceterum
665 1789 762 1819 cum
793 1775 975 1831 Antyllo
1007 1775 1166 1829 optime
1198 1776 1411 1817 consentit
1443 1775 1629 1818 Galenus
1650 1778 1699 1828 2),
1740 1775 1813 1828 qui
1844 1776 2066 1817 commoda
2094 1776 2207 1829 pilae
2237 1787 2391 1829 parvae
2423 1776 2671 1818 laudaturus
2712 1776 2793 1818 tria

439 1851 610 1895 omnino
641 1862 798 1906 genera
827 1850 1001 1892 ludendi
1032 1849 1204 1892 statuit:
1235 1850 1419 1903 primum
1450 1847 1626 1904 μαλακόν
1657 1850 1725 1891 vel
1755 1852 1889 1905 πρᾷον,
1922 1850 2104 1892 alterum
2135 1849 2314 1906 σφοδρόν,
2346 1850 2519 1892 tertium
2549 1850 2660 1904 quod
2690 1850 2794 1892 dicit

442 1926 735 1969 vehementius
768 1937 859 1967 esse
889 1925 1041 1979 priore,
1071 1924 1210 1967 lenius
1241 1936 1290 1967 ac
1321 1925 1490 1967 suavius
1522 1925 1740 1967 acerrimo.
1801 1925 1865 1966 Ac
1897 1925 2006 1978 quod
2037 1926 2090 1967 ad
2124 1926 2308 1979 primum
2339 1925 2506 1976 attinet,
2547 1925 2637 1967 eius
2677 1938 2794 1966 exer-

442 2002 590 2044 citium
621 2000 664 2042 in
695 2000 807 2042 hunc
838 2000 1011 2042 modum
1041 1999 1232 2042 illustrat
1250 2002 1304 2052 ³):
1346 1998 1483 2049 ,,οόὖὲν
1520 1999 1594 2056 γὰρ
1635 1997 1738 2042 οὕτω
1779 2002 1913 2056 πρᾷον,
1955 1999 1989 2041 εἰ
2029 1998 2163 2056 πρᾴως
2204 1998 2299 2042 αὐτὸ
2337 1998 2632 2057 μεταχειρίζοιο.
2662 2001 2723 2041 δεῖ
2751 1998 2794 2041 δὲ

435 2076 566 2132 μέσως
597 2074 666 2131 μὲν
698 2074 839 2132 ἔχοντα
871 2073 971 2130 μηδὲ
1003 2074 1219 2131 συμμέτρου
1251 2072 1473 2116 ἀποστάντα
1512 2074 1560 2116 τὰ
1599 2073 1668 2130 μὲν
1698 2072 1827 2130 ἠρέμα
1862 2072 2092 2131 προβαίνειν,
2124 2074 2171 2117 τὰ
2203 2074 2246 2117 δὲ
2277 2074 2377 2117 κατὰ
2408 2073 2540 2132 χώραν
2572 2074 2708 2131 μένειν,
2740 2074 2793 2130 μὴ

434 2151 563 2194 πολλὰ
593 2148 988 2205 ὃιαγυμνασάμενονόὂ,
1021 2150 1174 2203 quibus
1205 2150 1348 2203 paullo
1392 2150 1567 2192 inferius
1600 2151 1731 2199 addit,
1772 2150 1851 2191 hoc
1893 2150 2137 2191 exercitium
2178 2151 2455 2191 utilissimum
2486 2162 2576 2191 esse
2608 2152 2650 2191 et
2682 2151 2794 2191 seni-

435 2225 515 2268 bus
548 2227 590 2268 ct
620 2224 775 2280 pueris.
2423 2266 2427 2269 .

646 2299 867 2352 Quadrant
908 2298 951 2339 in
988 2298 1068 2340 hoc
1107 2310 1254 2352 genus,
1294 2311 1400 2352 quae
1432 2298 1635 2352 Antyllus
1676 2299 1726 2339 de
1758 2298 1990 2340 minoribus
2020 2299 2120 2352 pilis
2152 2311 2379 2351 earumque
2411 2299 2620 2340 exercitiis
2651 2299 2795 2352 dispu-

439 2374 561 2416 tavit.
622 2372 730 2415 Sunt
761 2374 918 2422 autem,
950 2371 986 2413 si
1018 2372 1208 2425 exempla
1238 2373 1444 2426 postulas,
1474 2373 1717 2414 huiusmodi
1754 2373 1843 2415 ludi
1874 2371 2034 2429 οὐρανία
2067 2375 2109 2415 et
2140 2371 2357 2429 ἀπόρραξις,
2398 2385 2503 2426 quos
2530 2373 2654 2426 ‘apud
2694 2372 2796 2414 Pol-

438 2449 578 2490 lucem
621 2447 853 2501 descriptos
872 2446 906 2501 ⁴)
947 2445 1091 2496 habeS,
1135 2446 1256 2500 eique
1295 2459 1453 2498 omnes,
1500 2459 1603 2501 quos
1647 2447 1790 2489 Latini
1828 2460 1910 2490 uuo
1952 2447 2118 2490 nomine
2166 2447 2537 2502 comprehendunt,
2583 2448 2693 2501 quod
2735 2450 2799 2489 est

436 2522 679 2565 dadatim
709 2522 913 2563 ludere.
974 2521 1171 2562 Alterum
1203 2534 1348 2574 genus,
1380 2523 1491 2576 quod
1524 2521 1689 2579 σφοδρόν
1722 2521 1923 2573 Galenus,
1963 2523 2106 2565 Latini
2137 2523 2330 2576 raptim
2360 2523 2549 2566 ludere
2581 2522 2798 2576 appellant

438 2599 687 2651 harpastum
729 2600 770 2638 et
810 2596 1022 2649 pheninda
1061 2597 1300 2649 complecti,
1332 2597 1437 2638 satis
1479 2598 1813 2639 demonstratum
1853 2600 1930 2639 est.
1991 2597 2133 2651 Quid?
2165 2597 2275 2651 quod
2306 2597 2479 2639 tertium
2510 2608 2656 2652 genus,
2688 2596 2798 2651 quod

437 2671 582 2714 Latini
614 2672 760 2713 dicunt
792 2671 1047 2724 expulsim
1078 2671 1259 2712 ludere
1279 2671 1312 2724 5)
1344 2672 1397 2713 ad
1429 2672 1665 2726 episcyrum
1697 2672 1930 2722 referimus,
1962 2684 2087 2726 quem
2118 2671 2304 2714 medium
2335 2671 2442 2714 inter
2467 2673 2628 2714 ceteros
2658 2671 2799 2713 locum

436 2747 627 2789 obtinere
674 2746 871 2794 vidimus,
918 2758 1125 2798 quemque
1172 2744 1359 2787 Galenus
1405 2746 1520 2787 hisce
1566 2746 1706 2787 verbis
1753 2747 1941 2789 illustrat
1987 2748 2042 2800 (p.
2084 2748 2123 2795 7,
2157 2747 2255 2799 16):
2301 2746 2367 2795 „tc
2407 2745 2475 2801 μὲν
2512 2745 2586 2802 γὰρ
2628 2746 2672 2787 ἐκ
2717 2748 2800 2788 δια-

438 2819 630 2875 στήματος
669 2819 804 2861 ἱκανοῦ
835 2820 1012 2874 βαλεῖν
1053 2817 1295 2868 εὐτόνως,
1333 2817 1358 2874 ἦ
1390 2818 1502 2860 οὐδὲν
1533 2822 1609 2866 τοῖς
1651 2821 1823 2862 σκέλεσιν
1854 2818 1879 2875 ἢ·
1911 2819 2154 2862 παντάπασιν
2193 2818 2319 2875 ὀλίγον
2358 2821 2565 2877 χρώμενον,
2608 2819 2801 2862 ἀναπαύει

648 2981 677 3025 ¹)
704 2981 746 3015 de
772 2993 808 3015 re
833 2993 954 3026 gynm.
980 2993 1013 3026 p.
1042 2983 1126 3020 120:
1153 2983 1212 3024 „et
1236 2982 1274 3016 in
1300 2993 1370 3026 qua
1394 2982 1530 3028 (specie
1555 2982 1717 3026 ludendi)
1743 2993 1826 3017 cum
1851 2982 1994 3017 stataria
2019 2993 2059 3017 ae
2086 2981 2234 3017 motoria
2259 2993 2360 3027 pars
2386 2984 2516 3018 περιέ*

646 3038 675 3083 ⁵¹)
700 3038 743 3074 de
770 3050 801 3084 p.
831 3051 864 3084 p.
889 3038 934 3074 K.
960 3050 1037 3085 pag.
1063 3043 1131 3077 902
1156 3041 1192 3074 et
1216 3051 1250 3084 p.
1276 3042 1356 3083 908,
1381 3039 1466 3074 edit.
1492 3040 1599 3075 nostr.
1624 3043 1658 3083 4,
1686 3043 1728 3078 18
1752 3041 1788 3075 et
1813 3044 1845 3084 7,
1872 3043 1926 3078 11.

647 3096 678 3143 ⁸)
702 3097 789 3132 ibid.
816 3108 849 3142 p.
874 3101 943 3136 907
968 3099 1070 3141 extr„
1094 3097 1180 3133 edit.
1206 3100 1297 3133 nost.
1324 3103 1356 3141 5,
1383 3101 1415 3135 7.

652 3154 684 3201 4)
711 3154 835 3191 Onom.
861 3154 928 3199 IX,
956 3159 1033 3194 104.
1083 3155 1294 3201 Grasberger
1317 3156 1346 3200 I,
1371 3166 1404 3201 p.
1430 3158 1486 3194 89.

648 3212 680 3257 ⁶)
708 3213 948 3248 Conserendus
973 3215 1091 3248 tamen
1115 3213 1321 3258 Marquardt
1344 3213 1529 3248 Privatalt.
1555 3213 1601 3257 H,
1628 3225 1661 3259 p.
1686 3216 1755 3251 423
1779 3215 1858 3249 adu.
1884 3217 1988 3256 3691,
2013 3215 2048 3247 et
2076 3212 2169 3247 Guhl
2193 3224 2227 3249 u.
2254 3213 2382 3257 Koner,
2408 3225 2441 3258 p.
2466 3216 2544 3252 651.
