2975 3963
1387 100 1435 143 11

239 245 349 287 'l'um
379 254 477 286 vero
506 239 610 282 haec
639 236 767 279 verba
796 235 861 278 τὸν
892 235 1008 292 μέσον
1036 260 1088 268 —-
1115 235 1343 293 κατασταίη,
1381 237 1535 291 qnippe
1574 248 1682 291 quae
1723 249 1772 279 ex
1812 238 1906 280 loco
1946 238 2210 281 antecedenti
2254 239 2349 292 (lin.
2380 238 2442 294 2.)
2487 242 2581 283 orta

239 313 474 361 videantur,
503 305 733 351 maximam
763 305 1045 360 suspicionem
1075 309 1257 349 movent.
1317 306 1428 359 Quid
1468 306 1594 358 enim,
1633 305 1670 348 si
1707 308 1805 360 post
1844 305 2142 363 ὑφαρπάσαι
2181 307 2425 351 exciderunt
2453 320 2580 351 voca·
2625 297 2634 303 ³

237 383 360 428 bula:
390 377 442 428 ὃς
471 374 559 422 ἄνθ
647 370 768 424 Quod
799 373 903 417 mihi
940 375 977 418 si
1017 374 1289 428 concesseris,
1327 375 1581 419 sententiam
1621 374 1960 430 interpolationis
1999 376 2109 419 hanc
2144 388 2235 419 esse
2265 389 2349 420 non
2378 377 2577 432 negabis:

237 449 554 508 „Supplendum
584 444 638 487 ad
668 445 908 486 διακωλῦσαι
938 444 1152 500 objectum
1182 445 1393 500 quoddam
1423 447 1496 489 aut
1524 444 1590 487 τὸν
1621 444 1747 501 μέσον,
1779 448 1853 488 aut
1879 443 1995 488 αὐτὸν
2019 448 2094 489 aut
2115 446 2351 501 quicunque
2375 447 2419 490 in
2445 459 2493 491 eo
2517 447 2577 503 (P)

237 523 398 569 stetit.‘·
475 514 613 571 Igitur
662 525 746 556 non
801 513 992 556 dubitavi
1046 514 1173 557 verba
1227 514 1304 558 illa
1332 519 1334 521 ’
1359 515 1501 570 spuria
1554 517 1773 569 tamquam
1826 515 2038 570 glossema
2094 526 2120 558 a
2173 514 2334 559 Galeno
2390 517 2576 560 alienum

238 599 484 646 expungere.
559 582 922 636 Quemadmodum
962 583 1073 626 enim
1112 583 1299 627 Galenus
1340 584 1597 627 infinitivum
1635 584 1868 640 καταβαλεῖν
1910 585 2104 628 absolute
2144 585 2297 638 posuit,
2338 585 2397 627 ita
2434 585 2577 629 infini-

238 662 375 706 tivum
405 654 647 699 διακωλῦσαι
677 651 767 693 sine
798 650 978 705 objecto,
1010 653 1120 706 quod
1151 666 1201 695 ex
1229 652 1367 707 priore
1398 653 1491 696 loco
1521 653 1648 696 facile
1678 652 1865 707 suppleri
1895 655 2050 707 potest,
2081 653 2311 707 usurpavit.

443 733 540 778 pag.
558 719 602 770 6,
618 720 659 762 5.
690 719 762 774 (Κ.
779 719 899 774 905.)
944 721 988 768 ἐξ
1019 719 1294 776 ἀδοκήτου]
1325 721 1444 764 Haec
1473 721 1679 764 vocabula
1709 721 1995 764 Helmreichio
2025 721 2245 764 offensioni
2276 725 2397 765 erant
2411 727 2579 777 propter

237 799 414 841 hiatum.
461 791 542 835 Sed
558 801 707 843 parum
723 791 849 832 recte.
896 789 1006 831 Nam
1020 790 1205 843 primum
1220 791 1325 833 haec
1341 790 1546 833 vocabula
1562 790 1702 832 omitti
1717 793 1942 845 nequeunt,
1959 790 2058 845 quia
2075 791 2268 845 opposita
2283 794 2382 833 sunt
2403 792 2577 846 partici-

235 867 304 922 pio
334 860 575 922 βιασάμενον.
635 857 745 900 Tum
776 857 878 900 mihi
909 858 1079 912 quidem
1119 870 1366 913 persuasum
1395 871 1479 902 non
1509 862 1574 901 est
1605 857 1816 902 Galenum
1856 862 1951 914 post
1993 859 2301 914 diphthongum
2340 876 2385 902 ου
2415 860 2579 903 hiatum

237 940 326 979 tam
357 931 582 986 diligenter
613 928 808 970 evitasse.
883 925 946 969 cf.
990 939 1086 982 pag.
1118 927 1157 977 7,
1189 928 1228 971 6.
1260 925 1285 983 ἦ
1317 928 1361 969 ἐκ
1391 926 1502 970 νόσου
1534 929 1617 983 (L‘2)
1649 926 1973 984 ἀνακομιζόμενοι
2011 931 2053 970 et
2094 929 2237 983 paullo
2278 929 2389 971 infra
2425 930 2500 972 lin.
2540 930 2579 972 8.

237 1001 450 1060 συμμέτρου
481 996 702 1039 ἀποστάντα
741 999 784 1037 et
822 996 948 1038 Iwan.
979 996 1163 1038 Mueller
1192 998 1247 1038 ad
1277 996 1430 1039 Galeni
1470 999 1665 1040 libellum
1712 994 1804 1039 “Ort
1841 996 1862 1038 ὁ
1904 993 2056 1053 ἄριστος
2094 997 2224 1054 ἰατρὸς
2265 996 2331 1038 καὶ
2369 997 2580 1055 φιλόσοφος

238 1072 369 1128 (Edit.
401 1067 567 1120 altera),
599 1066 771 1119 Erlang.
807 1064 931 1114 1875,
961 1077 1057 1118 pag.
1087 1065 1156 1107 41.

441 1136 632 1190 Denique
661 1135 770 1178 hanc
801 1135 1080 1177 elocutionem
1111 1135 1240 1178 habes
1282 1136 1393 1190 apud
1424 1136 1674 1192 Dionysium
1704 1136 1844 1179 Halic.
1879 1135 1930 1178 A.
1963 1135 2012 1178 R.
2045 1136 2122 1186 III,
2154 1136 2210 1178 64
2242 1140 2283 1178 et
2317 1136 2386 1185 VI,
2417 1136 2493 1180 53:
2527 1138 2580 1179 ἐκ

235 1213 317 1254 τοῦ
347 1205 602 1261 ἀδοκήτου.
669 1204 856 1259 Thucyd.
888 1203 957 1253 VI,
988 1204 1064 1247 47:
1096 1202 1121 1260 ἢ
1154 1203 1208 1261 μή
1237 1220 1273 1246 τι
1302 1203 1354 1247 δι’
1389 1203 1517 1261 ὀλίγου
1557 1204 1623 1248 καὶ
1660 1204 1753 1248 ἀπὸ
1794 1209 1877 1247 τοῦ
1917 1203 2165 1260 ἀδοκήτου
2195 1202 2221 1261 ἦ
2253 1204 2475 1254 Λεοντίνους
2506 1205 2578 1248 οἶοί

234 1296 277 1322 τε
305 1274 393 1321 ὦσιν
421 1274 633 1332 ὠφελῆσαι.

391 1345 396 1349 ’
439 1344 514 1387 lin.
558 1343 622 1386 13.
696 1344 798 1390 τοῖς
844 1340 969 1398 ὑσὶν]
1022 1343 1212 1385 dedimus
1257 1356 1331 1397 pro
1377 1341 1480 1385 συσὶν
1525 1356 1574 1386 ex
1626 1344 1674 1387 L.
1714 1344 1809 1386 Par.
1851 1344 1902 1386 A.
2000 1343 2068 1387 Sic
2123 1345 2251 1387 etiam
2296 1345 2337 1395 I,
2384 1357 2481 1400 pag.
2524 1345 2579 1388 28

238 1417 315 1460 ὑῶν
345 1417 530 1469 διαγωγῇ.
591 1412 787 1455 Ceterum
818 1411 1003 1455 Galenus
1034 1413 1130 1454 aliis
1170 1413 1275 1455 locis
1315 1414 1469 1456 stultos
1508 1413 1699 1455 homines
1740 1416 1865 1466 atque
1908 1413 2062 1455 mentis
2102 1418 2292 1467 expertes
2334 1426 2579 1467 comparare

237 1487 351 1528 amat
382 1495 478 1526 cum
509 1481 661 1524 asinis:
695 1481 744 1531 V,
776 1481 845 1532 643
885 1481 957 1531 VI,
989 1481 1065 1530 52;
1096 1481 1168 1531 IV,
1199 1494 1239 1535 p.
1272 1482 1351 1531 213
1382 1480 1414 1532 I,
1445 1482 1497 1524 51
1540 1479 1644 1537 (περὶ
1675 1479 1831 1537 ἀρίστης
1869 1480 2130 1530 διδασκαλίας.
2171 1482 2368 1524 editionis
2408 1486 2578 1526 nostrae

236 1555 279 1597 in
309 1551 548 1597 Annalibus
579 1550 935 1593 Fleckeisenianis
967 1553 1068 1593 tom.
1104 1550 1198 1604 107,
1229 1562 1268 1605 p.
1300 1550 1424 1604 396):
1465 1549 1645 1607 καθάπερ
1675 1552 1751 1598 τοῖς
1782 1546 1918 1598 ὄνοις
1949 1548 2019 1593 οὐκ
2059 1546 2105 1592 ἄν
2135 1566 2189 1598 τις
2230 1551 2479 1608 ἐπιτρέψειεν,
2521 1549 2580 1594 ὅτι

235 1621 325 1680 μηδ’
360 1619 460 1668 ὅλως
492 1619 626 1677 ἔχουσι
655 1622 754 1669 νοῦν,
785 1616 907 1666 οὕτως
938 1617 1030 1660 οὐδὲ
1060 1620 1137 1666 τοῖς
1168 1617 1385 1676 ἀνθρώποις
1415 1621 1490 1661 κτὲ.

440 1691 516 1732 lin.
538 1691 604 1731 16.
635 1689 709 1741 (Κ.
725 1689 844 1741 906.)
888 1684 1071 1729 οὔκουν
1101 1686 1243 1743 οὐδὲ]
1291 1689 1465 1731 Praeter
1495 1690 1599 1730 duos
1631 1689 1763 1730 nostri
1797 1689 2088 1730 commentarii
2118 1690 2245 1738 locos,
2278 1690 2349 1731 ubi
2379 1691 2580 1744 negativa

234 1759 521 1802 enuntiatione
551 1755 690 1798 οὐκοῦν
721 1755 812 1798 οὐδὲ
844 1757 1047 1810 scriptum
1073 1760 1200 1808 extat,
1232 1758 1363 1799 semel
1380 1759 1547 1799 tantum
1578 1757 1687 1810 apud
1706 1756 1915 1799 Galenum
1938 1757 2032 1811 (ΙΙΙ,
2055 1757 2156 1808 396)
2188 1757 2294 1799 hanc
2325 1758 2580 1811 scripturam

235 1828 387 1870 inveni.
449 1826 586 1868 Multo
617 1825 784 1879 saepius
826 1828 969 1866 tamen
1000 1826 1109 1879 apud
1140 1826 1384 1867 Kuehnium
1416 1826 1459 1867 in
1490 1826 1695 1867 eiusmodi
1727 1825 1948 1866 sententiis
1979 1826 2181 1879 scriptum
2224 1829 2287 1866 est
2317 1823 2456 1867 οὔκουν
2495 1826 2575 1869 οὐδ’

236 1898 352 1940 velut
382 1896 455 1946 IV,
485 1895 593 1949 3013
635 1895 751 1944 VIII,
782 1894 881 1936 575.
927 1919 983 1924 —
1029 1890 1167 1935 οὔκουν
1207 1895 1429 1950 θαυμαστὸν
1468 1893 1581 1936 οὐδὲν
1622 1895 1699 1943 ΙΙΙ,
1740 1895 1839 1944 434,
1879 1895 1977 1944 442,
2015 1895 2112 1943 443,
2151 1895 2247 1936 458.
2323 1895 2578 1948 Saepissime

234 1962 370 2008 οὔκουν
401 1964 559 2007 solum:
592 1962 663 2013 IV,
695 1963 803 2012 360;
835 1963 912 2012 III,
940 1962 1038 2014 305,
1057 1963 1269 2013 308,312.
1332 1963 1468 2016 Quare
1500 1964 1568 2005 vel
1600 1962 1815 2005 codicibus
1846 1963 2177 2018 repugnantibus
2208 1976 2280 2017 pro
2311 1962 2450 2005 οὐκοῦν
2482 1977 2577 2007 cum

235 2034 520 2078 Helmreichio
553 2032 701 2087 scripsi
731 2028 879 2075 οὔκουν.

439 2103 618 2146 ibidem:
671 2101 754 2157 τὴν
786 2102 914 2156 giam]
974 2102 1035 2143 De
1067 2102 1107 2143 vi
1140 2105 1180 2143 et
1211 2102 1380 2144 notione
1411 2101 1535 2143 huius
1566 2100 1680 2143 vocis
1712 2101 1854 2143 videas
1888 2101 1981 2144 Gal.
2014 2103 2046 2153 Ι,
2077 2115 2115 2156 p.
2135 2103 2211 2144 29:
2242 2100 2266 2157 ἡ
2300 2101 2369 2157 μὲν
2399 2103 2472 2159 γὰρ
2504 2104 2576 2152 ἕξις

234 2171 397 2228 ἔμμονός
427 2188 482 2219 τις
514 2169 580 2214 καὶ
610 2169 894 2217 δυσαλλοίωτος
924 2169 1108 2218 διάθεσις.
1140 2194 1192 2200 -
1226 2170 1298 2220 IV,
1329 2184 1368 2225 p.
1402 2170 1485 2212 750
1520 2170 1564 2212 τὸ
1595 2173 1662 2225 τῆς
1693 2168 1808 2218 ἕξεως
1849 2166 1969 2226 ὄνομα
2000 2170 2097 2212 κατὰ
2129 2170 2266 2218 παντὸς
2297 2171 2491 2227 ἐπιφέρειν
2523 2173 2574 2214 εἰ-

233 2240 405 2297 θίσμεθα
434 2244 503 2283 τοῦ
533 2238 693 2297 μονίμου
733 2256 776 2281 τε
805 2238 869 2281 καὶ
900 2238 1097 2281 ὂυσλιῗτου.
1157 2240 1270 2290 XIV,
1301 2240 1398 2282 697.
1461 2240 1712 2292 Quintilian.
1744 2240 1848 2282 Inst.
1880 2240 1932 2290 X,
1969 2243 2002 2290 l,
2039 2243 2079 2281 l:
2121 2241 2277 2282 firma
2317 2243 2574 2295 quaedam

236 2312 512 2360 facilitas,
544 2323 649 2364 quae
681 2310 791 2363 apud
823 2309 1005 2352 Graecos
1036 2310 1107 2357 ἕξις
1139 2310 1389 2352 nominatur.
1420 2334 1476 2339 —
1506 2310 1578 2351 1w.
1609 2309 1791 2351 Mueller
1820 2310 1849 2350 1.
1882 2310 1909 2350 l.
1941 2322 2033 2364 pag.
2067 2311 2134 2351 40.

439 2380 514 2421 lin.
558 2379 626 2421 18.
699 2377 973 2432 ἠδύναντο]
1077 2378 1145 2420 Sic
1189 2378 1351 2420 Helmr.
1401 2391 1421 2418 e
1468 2378 1683 2419 codicibus
1728 2377 1955 2419 Marcianis
2008 2392 2080 2430 pro
2136 2378 2313 2419 ἐδύναντο
2375 2380 2575 2421 restituit.

235 2447 388 2491 Nescio
427 2460 481 2491 an
523 2450 649 2490 recte.
709 2446 819 2490 Nam
860 2447 1104 2500 saepissime
1145 2447 1256 2500 apud
1288 2445 1497 2490 Galenum
1533 2446 1638 2489 haec
1668 2445 1785 2489 verbi
1822 2444 2012 2488 δύνασθαι
2055 2447 2189 2489 forma
2220 2461 2314 2488 cum
2345 2454 2575 2501 augmento

233 2516 457 2570 temporali
492 2515 694 2559 occurrit:
732 2515 809 2567 III,
844 2515 925 2559 188
964 2515 1027 2559 bis
1058 2513 1266 2571 ἧδόναντος
1309 2514 1382 2565 IV,
1413 2514 1521 2563 3622:
1556 2514 1604 2565 V,
1636 2514 1712 2557 91:
1743 2512 1940 2569 ἠδυνήθη,
1981 2514 2055 2564 ΙΙΙ,
2086 2514 2169 2557 296
2200 2512 2424 2570 ἠβουλήθη;
2455 2516 2575 2567 XIII,

233 2584 318 2627 482
347 2582 649 2641 ἠβουλήθησαν;
680 2584 794 2636 XIV,
824 2585 909 2628 235
939 2583 1138 2641 ἠβούλετο.
1199 2584 1462 2638 Quamquam
1494 2583 1625 2627 etiam
1656 2584 1815 2626 alterae
1856 2584 2014 2626 formae
2046 2597 2142 2626 cum
2173 2588 2399 2637 augmento
2442 2586 2576 2639 sylla-

235 2653 328 2696 bico
368 2654 624 2708 compositae
666 2654 909 2708 saepissime
950 2654 1234 2697 inveniuntur.
1320 2653 1490 2707 Semper
1531 2665 1642 2703 vero,
1684 2656 1729 2696 ut
1769 2652 1947 2701 videtur,
1992 2651 2176 2694 Galenus
2215 2654 2385 2707 scripsit
2422 2652 2575 2710 ἔμελλε,

235 2733 443 2777 nusquam
471 2719 630 2779 ἤμελλε.

439 2804 536 2847 pag.
554 2792 594 2844 7,
608 2793 650 2835 4.
681 2792 754 2846 (Κ.
772 2791 889 2847 907.)
934 2809 954 2833 ο
968 2791 1075 2834 ὐῦεν
1087 2792 1108 2833 ὁ
1121 2809 1137 2840 ς
1154 2815 1209 2822 -—
1225 2790 1588 2847 ἀπολείπεται]
1634 2791 1816 2833 Restitui
1834 2789 2084 2832 ἀπολείπεται
2100 2803 2174 2844 pro
2191 2790 2413 2834 ἐλλείπεται
2429 2796 2575 2836 auoto-

239 2858 355 2902 ribus
370 2860 653 2904 Laurentiano
680 2873 729 2904 ac
745 2862 947 2905 Parisino.
1003 2862 1114 2905 Nam
1132 2862 1454 2905 usitatissimum
1472 2864 1537 2903 est
1553 2861 1663 2915 apud
1680 2860 1880 2903 Nostrum
1897 2859 2068 2902 verbum
2087 2858 2383 2904 ἀπολείπεσθαι.
2429 2863 2463 2913 Ι,
2479 2875 2575 2918 pag.

233 2928 311 2969 30:
333 2925 463 2970 Ἔνιοι
493 2931 582 2983 (τῶν
613 2929 810 2985 ἀθλητῶν)
841 2935 930 2972 τῶν
955 2930 1239 2986 Ὁμηρικῶν
1269 2930 1381 2972 οὐδὲν
1411 2929 1774 2972 ἀπολείπονται
1804 2930 1983 2979 Λιτῶν;
2016 2930 2115 2972 ibid.
2148 2941 2233 2984 pag
2259 2931 2339 2973 56:
2371 2929 2397 2986 ἤ
2429 2931 2473 2973 τὸ
2507 2930 2575 2986 μὲν

234 2994 363 3052 ἕτερον
404 2994 532 3047 αὐτοῖς
574 2996 753 3057 ὑπάρχει,
791 2998 958 3057 θατέρου
988 2997 1024 3042 δ’
1046 2997 1339 3052 ἀπολείπονται;
1379 2999 1495 3051 ΧΙΙΙ,
1523 2999 1628 3043 405:
1670 2997 1796 3052 (οἶνος)
1828 2995 2133 3053 ἀπολειπόμενος
2173 3002 2242 3042 τοῦ
2272 2999 2433 3055 γλυκεός
2464 3000 2575 3044 πολύ.

234 3087 292 3094 --
321 3078 446 3121 pagg.
477 3067 577 3118 421,
608 3068 714 3119 4663
743 3081 783 3123 p.
815 3069 918 3111 620:
951 3068 1001 3116 ὡς
1032 3068 1284 3111 ἀπολείπεται
1313 3072 1381 3111 τοῦ
1410 3068 1495 3110 νέου
1525 3068 1569 3110 τὸ
1599 3067 1776 3109 παλαιόν.

439 3135 515 3178 lin.
532 3137 572 3180 6.
618 3136 672 3179 ἐκ
700 3137 849 3180 νόσου
879 3136 1335 3195 ἀνακομιζόμενοι]
1380 3138 1539 3180 Helmr.
1571 3138 1734 3179 mavult
1762 3140 1882 3178 νοσῶν
1914 3136 2026 3178 haud
2058 3137 2183 3180 dubie
2215 3138 2356 3180 hiatus
2389 3139 2575 3181 evitandi

235 3213 374 3244 causa.
419 3203 478 3246 At
495 3205 601 3258 vide,
633 3219 740 3261 quae
758 3219 883 3263 supra
899 3207 951 3250 ad
967 3219 1062 3263 pag.
1080 3209 1120 3259 6,
1137 3207 1163 3251 5
1196 3208 1246 3250 de
1269 3207 1348 3250 hac
1378 3219 1421 3249 re
1439 3206 1631 3249 diximus.
1676 3206 1901 3248 Praeterea
1918 3206 2198 3249 conferendus
2223 3210 2288 3250 est
2304 3219 2401 3250 cum
2432 3211 2574 3251 nostro

2257 3288 2298 3324 2.
