2975 3963
917 921 1009 995 De
1070 919 1635 1010 sphaeromachiis
1696 923 2016 994 veterum.

502 1141 701 1214 Galenus
740 1170 1094 1224 quemadmodum
1130 1169 1174 1212 in
1211 1169 1334 1219 libr0‚
1371 1168 1443 1222 qui
1482 1168 1551 1210 De
1593 1168 1827 1210 sanitate
1869 1169 2065 1210 tuenda
2083 1168 2118 1223 1)
2155 1169 2414 1223 inscribitur,
2457 1174 2640 1227 corporis

295 1245 493 1288 exercitia
527 1247 600 1287 aut
637 1241 773 1286 εὔτονα
815 1257 905 1286 esse
937 1244 1101 1294 statuit,
1133 1246 1206 1285 aut
1236 1241 1363 1300 ταχέα
1392 1239 1513 1300 χωρὶς
1544 1240 1713 1290 εὐτονίας
1743 1240 1809 1284 καὶ
1839 1241 1925 1298 βίας
1957 1246 2031 1285 aut
2063 1242 2223 1300 σφοδρά,
2256 1245 2316 1287 Sic
2346 1246 2390 1288 in
2422 1258 2483 1297 eo,
2514 1260 2640 1301 quem

294 1319 578 1362 tractavimus
608 1319 771 1370 libello,
802 1319 885 1360 tria
916 1318 1047 1360 fuisse
1078 1329 1234 1373 genera
1263 1317 1443 1359 lusionis
1472 1317 1618 1371 pilaris
1644 1318 1919 1369 demonstrat,
1949 1318 2134 1372 primum
2165 1319 2431 1363 lenissimum
2462 1333 2511 1365 ac
2542 1335 2640 1366 sua-

293 1394 527 1445 vissimum,
568 1395 751 1436 alterum
792 1394 936 1448 paullo
976 1393 1158 1434 alacrius
1197 1404 1247 1434 ac
1286 1392 1589 1440 vehementius,
1640 1392 1815 1434 tertium
1863 1393 2115 1435 acerrimum
2163 1405 2213 1437 ac
2254 1394 2564 1439 ferocissimum
2583 1399 2640 1452 2);

294 1469 405 1522 quod
434 1469 644 1522 prioribus
675 1469 837 1510 duobus
869 1468 1005 1508 multo
1036 1466 1376 1520 anteponendum
1407 1477 1498 1507 esse
1530 1469 1672 1508 censet
1690 1466 1740 1519 ⁸),
1772 1467 1922 1520 quippe
1953 1480 2034 1520 quo
2064 1470 2105 1509 et
2131 1469 2315 1522 corporis
2339 1473 2479 1523 partes
2502 1471 2640 1514 latera

293 1546 440 1586 venter
469 1544 605 1586 lumbi
635 1554 758 1585 crura
788 1554 938 1584 manus
970 1541 1206 1594 aequaliter
1236 1543 1520 1590 exerceantur,
1552 1544 1594 1582 et
1623 1553 1743 1582 mens
1775 1544 1900 1594 atque
1931 1542 2043 1583 oculi
2074 1548 2279 1585 acuantur
2296 1544 2345 1599 4).

500 1618 658 1668 Ludus,
689 1630 826 1671 quem,
859 1616 969 1670 quod
994 1615 1174 1657 maxime
1202 1615 1430 1657 dolendum
1460 1618 1537 1665 est,
1567 1615 1736 1658 nomine
1767 1615 1858 1669 ipso
1889 1616 2025 1658 celato
2055 1629 2205 1671 parum
2236 1619 2347 1661 clare
2374 1623 2416 1662 et
2439 1622 2639 1665 distincte

296 1693 517 1748 descripsit
533 1696 581 1748 5)‚
611 1692 800 1747 profecto
832 1691 1060 1733 acerrimae
1091 1703 1259 1745 pugnae
1291 1690 1471 1744 speciem
1502 1703 1600 1745 prae
1625 1703 1669 1732 se
1694 1690 1790 1742 fert,
1821 1691 1864 1733 in
1890 1703 1973 1745 qua
1997 1692 2160 1735 lusores
2183 1694 2376 1737 omnibus
2399 1697 2637 1749 palaestrae

296 1769 487 1813 artificiis
518 1768 719 1812 adhibitis
750 1768 964 1810 luctantes
995 1766 1121 1808 alteri
1151 1766 1296 1808 alteris
1327 1766 1458 1821 pilam
1489 1767 1694 1820 surripere
1725 1766 1930 1809 nituntur.

505 1843 611 1886 Cum
642 1855 739 1885 vero
771 1843 923 1884 talium
953 1842 1150 1884 ludorum
1181 1853 1206 1884 a
1236 1841 1449 1884 veteribus
1486 1844 1528 1884 et
1566 1841 1870 1884 recentioribus
1911 1843 2185 1897 scriptoribus
2224 1845 2304 1887 tria
2335 1858 2489 1899 genera
2521 1860 2638 1891 com·

295 1924 594 1971 memorentur,
633 1931 740 1973 quae
780 1920 949 1972 propter
987 1920 1184 1959 naturam
1222 1929 1342 1960 suam
1373 1917 1615 1959 certaminis
1656 1917 1921 1960 simillimam
1962 1931 2036 1960 suo
2077 1920 2267 1974 quodque
2304 1920 2398 1975 jure
2438 1922 2637 1976 sphaero-

295 1995 486 2037 machiae
518 1997 560 2037 et
590 1995 766 2048 possunt
796 1992 1004 2034 nominari
1034 1997 1077 2034 et
1108 1992 1379 2034 nominantur
1397 1992 1445 2047 6),
1477 1992 1601 2034 facile
1632 1992 1842 2046 quispiam
1874 1993 2139 2044 dubitaverit,
2172 1994 2221 2035 de
2253 2006 2433 2048 quonam
2465 1998 2636 2041 omnino

296 2082 447 2122 genere
477 2069 650 2111 ludendi
682 2067 869 2110 Galenus
901 2067 1152 2122 cogitavisse
1184 2067 1487 2109 existimandus
1518 2067 1586 2108 sit.

509 2143 616 2186 Sunt
661 2144 772 2184 enim
817 2143 1058 2184 huiusmodi
1101 2143 1205 2193 ludi,
1251 2154 1355 2196 quos
1401 2154 1425 2184 a
1470 2142 1743 2196 scriptoribus
1785 2144 2150 2196 sphaeromachias
2189 2145 2423 2198 appellatos
2455 2147 2636 2199 invenio,

298 2220 482 2274 primum
518 2217 544 2273 ἡ
577 2216 777 2273 ἐπίσκυρος
816 2218 885 2258 vel
926 2215 1112 2264 ἐπίκοινος
1152 2218 1217 2259 vel
1257 2216 1445 2273 ἐφηβικής
1486 2217 1633 2259 deinde
1672 2215 1697 2271 ἡ
1737 2215 1915 2273 φαινίνδα
1956 2218 2023 2259 vel
2064 2218 2202 2271 potius
2241 2217 2416 2275 φενίνὸα;
2458 2221 2637 2275 denique

293 2294 335 2336 τὸ
373 2292 578 2350 ἁρπαστόν.

501 2430 529 2474 1)
555 2429 673 2464 Galen.
698 2429 783 2463 edit.
809 2428 949 2463 Kuehn.
975 2428 1053 2463 Vol.
1080 2428 1142 2471 VI,
1168 2439 1224 2472 pp.
1252 2431 1328 2471 139,
1355 2430 1432 2470 144,
1459 2431 1535 2465 145.
1585 2428 1773 2464 Oribasius
1798 2429 1852 2464 ed.
1879 2429 2092 2473 Daremberg
2116 2429 2143 2473 I,
2169 2442 2203 2473 l'·
2227 2434 2295 2467 474
2319 2441 2370 2473 sq.

499 2487 529 2533 Ξ)
554 2487 597 2521 de
621 2497 729 2531 parva
752 2485 824 2530 pila
838 2485 880 2529 V,
905 2497 939 2530 p.
953 2488 1040 2529 9083
1065 2485 1149 2520 edit.
1174 2486 1282 2520 nostr.
1308 2488 1387 2530 p-7,
1403 2488 1444 2522 11
1471 2482 1535 2521 ὅσα
1559 2486 1596 2522 δὲ
1620 2484 1745 2522 τούτου
1771 2485 1914 2536 (πρᾴου)
1941 2489 2000 2534 μὲν
2028 2486 2239 2537 ἰσχυρότερα,
2264 2490 2325 2523 τοῦ
2351 2485 2385 2523 δ’
2414 2486 2527 2538 ἄκρως
2553 2504 2635 2539 σφο-

291 2548 373 2595 δροῦ
397 2544 573 2594 πρᾳότερα
597 2544 653 2579 διὰ
676 2548 738 2592 τῆς
763 2547 906 2592 σμικρᾶς
931 2544 1076 2592 σφαίρας
1101 2544 1295 2591 ἐνεργεῖται.

500 2601 530 2646 ⁸)
555 2601 641 2637 ibid.
666 2613 700 2646 p.
726 2604 812 2644 9023
837 2600 922 2635 edit.
946 2602 1055 2636 nostr.
1080 2612 1113 2645 p.
1139 2604 1173 2644 4,
1198 2602 1242 2638 22
1268 2597 1358 2637 οὕτω
1383 2602 1420 2637 δὲ
1444 2602 1503 2637 καὶ
1526 2600 1569 2637 τὰ
1594 2603 1683 2650 μέρη
1708 2607 1811 2638 κινεῖν
1838 2605 1898 2650 μὲν
1924 2603 2011 2637 ἔστιν
2038 2600 2142 2638 αὐτοῦ
2167 2601 2296 2638 πάνθ’
2325 2602 2411 2651 ὁμοῦ
2436 2605 2471 2639 et
2494 2616 2528 2650 p.
2554 2610 2588 2650 5,
2615 2609 2636 2644 7

291 2659 331 2697 οὐ
359 2660 478 2709 μικρὸν
504 2661 632 2695 σκελῶν
663 2657 856 2706 γυμνάσιον,
891 2656 982 2700 ἀλλ’,
1019 2658 1149 2708 είχρὴ
1174 2657 1368 2707 τάληθὲς
1393 2660 1553 2700 εἰπεῖν,
1592 2659 1696 2707 μόνον
1722 2659 1921 2695 δικαιότατα
1945 2663 2059 2695 κινοῦν
2093 2658 2218 2695 πάντ’
2248 2658 2357 2696 αὐτῶν
2382 2660 2426 2696 τὰ
2451 2661 2572 2710 μόρια;
2598 2666 2656 2707 et,

290 2731 323 2764 p.
349 2723 381 2764 7,
408 2722 425 2757 1
452 2719 511 2753 καὶ
534 2716 597 2766 γὰρ
622 2715 738 2766 ψυχὴν
764 2718 811 2756 εἰς
835 2714 948 2752 πάντα
973 2715 1114 2752 δυνατὸν
1141 2714 1281 2765 ὠφελεῖν
1306 2718 1365 2753 καὶ
1388 2720 1450 2753 τοῦ
1476 2715 1632 2764 σώματος
1656 2716 1700 2753 τὰ
1726 2720 1813 2767 μέρη
1839 2715 1884 2754 δι’
1914 2718 1985 2753 ἴσου
2011 2716 2153 2753 πάντα
2176 2716 2345 2765 γυμνάζει.

495 2776 526 2822 ⁴)
551 2775 637 2810 ibid.
662 2786 696 2819 p.
722 2779 754 2818 5,
781 2778 823 2812 17
848 2778 950 2810 τοῦτο
984 2776 1021 2810 δὲ
1051 2777 1110 2810 καὶ
1141 2774 1204 2822 τὴν
1234 2773 1371 2823 γνώμην
1442 2774 1502 2823 ζγει
1532 2778 1574 2823 τ’]
1601 2777 1752 2824 φροντίδι
1776 2778 1847 2811 κτὲ.
1883 2778 1918 2810 et
1941 2775 2056 2820 paullo
2081 2786 2185 2819 supra
2209 2786 2242 2809 v.
2269 2779 2312 2813 15
2338 2773 2414 2824 ὄψιν
2440 2775 2473 2812 δ’
2503 2775 2554 2813 ὅτι
2579 2781 2638 2815 καὶ

289 2833 459 2882 γυμνάζει,
483 2833 605 2881 μαθεῖν
631 2833 739 2868 ἔνεστι
762 2833 832 2868 κτὲ.

495 2891 526 2936 ⁶)
550 2902 584 2934 p.
610 2894 678 2928 902
709 2892 746 2924 et
769 2894 837 2927 903
868 2890 953 2925 edit.
986 2892 1093 2925 nostr.
1127 2901 1160 2933 p.
1196 2894 1260 2932 5‚1
1297 2901 1349 2934 Sq.
1387 2888 1467 2926 ὅταν
1502 2893 1561 2938 μὲν
1594 2891 1657 2939 γὰρ
1692 2890 1926 2937 συνιστάμενοι
1962 2890 2045 2938 πρὸς
2081 2888 2248 2936 ἀλλήλους
2281 2892 2340 2924 καὶ
2374 2888 2638 2932 ἀποκωλυόντες

291 2947 490 2998 ὑφαρπάσαι
512 2947 571 2984 τὸν
598 2947 725 2996 μεταξὺ
749 2948 942 2990 ὃιαπονῶσι,
967 2949 1038 2984 κτὲ.

496 3005 527 3051 ⁶)
552 3004 682 3040 Pollux
707 3004 886 3040 Onomast.
912 3004 978 3048 IX,
1006 3008 1071 3043 107
1105 3005 1211 3045 ἔξεστι
1243 3006 1280 3041 δὲ
1309 3008 1368 3041 καὶ
1401 3007 1737 3055 σφαιρομαχίαν
1772 3006 1875 3040 εἰπεῖν
1909 3004 1971 3052 τὴν
2008 3006 2187 3053 ἐπίσκυρον
2221 3008 2283 3052 τῆς
2317 3007 2463 3054 σφαίρας
2488 3006 2636 3043 παιδιάν.

289 3062 492 3097 Athenaeus
514 3063 544 3107 I,
569 3062 651 3107 Cap.
675 3065 721 3099 26
744 3062 829 3096 im‘t:
879 3062 972 3098 Πολὺ
998 3064 1034 3098 δὲ
1058 3062 1098 3098 τὸ
1123 3061 1284 3098 σύντονον
1310 3065 1368 3098 καὶ
1401 3062 1601 3111 καματηρὸν
1627 3067 1688 3111 τῆς
1713 3064 1789 3110 περὶ
1812 3061 1875 3109 τὴν
1900 3060 2135 3110 σφαιριστικὴν
2169 3060 2363 3110 ἁμίλλης
2395 3061 2434 3099 τό
2469 3077 2507 3100 τε
2541 3064 2633 3100 κατὰ

288 3118 370 3158 τοὺς
393 3119 651 3169 τραχηλισμοὺς
676 3121 868 3168 ῥωμαλέον.
915 3119 1106 3155 Forcellini
1130 3119 1200 3154 lex.
1226 3131 1253 3154 s.
1279 3131 1314 3154 v.
1339 3119 1569 3165 Harpastum:
1594 3120 1719 3155 Ludus
1742 3118 1949 3154 huiusmodi
1974 3119 2080 3153 etiam
2105 3119 2493 3164 sphaeromachia
2517 3121 2637 3166 appel-

288 3174 391 3210 latur.
425 3197 469 3202 —
503 3176 589 3212 Stat.
623 3177 711 3212 Silv.
743 3178 849 3221 praef.
882 3177 926 3211 ad
958 3177 1037 3211 libr.
1069 3177 1138 3211 IV:
1173 3177 1241 3211 Sed
1275 3179 1311 3211 et
1343 3177 1749 3222 sphaeromachias
1782 3178 1981 3220 spectemus
2013 3178 2049 3210 et
2079 3175 2203 3220 pilai-is
2233 3177 2327 3212 lusio
2351 3178 2563 3213 admittitur.
2590 3198 2635 3203 —

288 3231 500 3268 Artemidor.
527 3232 735 3270 Oneiroorit.
760 3233 789 3278 Ι,
814 3236 858 3273 57
886 3232 1058 3283 ἁρπαστὸν
1085 3234 1122 3271 δὲ
1145 3235 1205 3270 καὶ
1231 3238 1358 3283 σφαῖρα
1384 3234 1664 3283 φιλονεικίας
1691 3231 1898 3282 ἀπεράντους
1924 3234 2136 3281 σημαίνουσι.
