2975 3963
1346 187 1398 229 ‘⁷1

1347 218 1369 230 fi

198 331 268 390 μὲν
303 329 352 371 τὰ
389 325 510 376 κάτω,
549 326 597 368 τὰ
629 324 667 367 δ’
701 322 783 368 ἄνω
823 327 920 367 κινεῖ
955 324 1274 383 σφοδρότερονῗόί
1348 326 1458 380 Quid
1499 326 1613 369 enim
1653 326 1768 368 aliud
1810 328 1875 368 est
1914 327 2046 382 βαλεῖν
2078 326 2241 375 εὐτόνως
2285 331 2411 383 atque
2458 341 2545 385 ex*-

197 403 398 462 pulsim
437 400 655 444 ludere?

405 475 499 528 Sed,
531 478 578 519 ut
609 475 663 518 ad
693 474 821 518 finem
852 476 986 519 oratio
1017 479 1160 520 nostra
1189 476 1422 532 perveniat,
1463 488 1594 519 unum
1634 475 1787 518 addere
1828 475 1969 519 liceat.
2031 476 2394 531 Quemadmodum
2432 477 2544 521 enim

201 554 387 598 Galenus
426 552 654 606 primum
692 562 825 604 genus
856 551 1041 602 ludendi,
1080 552 1179 606 quia
1216 551 1402 606 corporis
1438 553 1580 606 partes
1618 550 1834 605 aptissime
1875 551 2073 594 extendat
2112 553 2303 607 viresque
2341 555 2543 602 exerceat,

199 625 421 671 senibus
452 638 502 669 ae
531 637 625 680 pue
639 625 712 667 ris
744 625 1024 677 commendat,
1055 626 1116 668 sic
1147 625 1344 669 Clemens
1376 625 1689 668 Alexandrinus
1708 626 1740 678 ²)
1772 625 1996 668 tertium
2027 638 2174 681 genus,
2206 626 2357 681 quippe
2389 627 2432 669 in
2461 639 2542 680 quo

197 700 473 744 validissimis
511 700 754 754 corporibus
792 712 895 754 opus
926 701 994 751 sit,
1035 701 1182 743 viros
1214 701 1402 743 excolere
1438 700 1573 756 jubet.
1639 700 1750 753 Quid
1787 701 1940 743 mirum
1977 701 2110 756 igitur
2147 702 2259 756 quod
2297 701 2543 743 Eustathius

197 789 247 819 ac
285 776 439 818 Pollux
476 775 783 830 episcyrum
821 775 969 817 ludum
1010 776 1337 830 epheborum
1377 774 1631 832 (ἐφηβική)
1672 775 1922 818 nominant?
1990 776 2067 818 Est
2109 777 2222 818 enim
2259 783 2376 818 aetas
2417 776 2543 830 ephe-

196 853 346 894 borum
377 851 515 892 media
545 851 655 891 inter
684 862 835 904 pueros
866 862 914 892 ac
945 852 1069 901 viros,
1098 851 1141 892 id
1171 852 1282 905 quod
1313 854 1356 892 et
1385 863 1459 905 per
1489 864 1534 893 se
1565 853 1732 892 constat
1765 854 1809 892 et
1839 852 1968 893 certis
2007 852 2270 906 argumentis
2300 851 2491 893 Platonis
2509 854 2543 899 2)

196 926 458 980 aliorumque
489 927 798 979 comprobatur,
830 926 901 979 qui
931 928 1018 967 tres
1048 927 1124 968 has
1156 929 1474 981 gymnastarum
1505 928 1667 968 aetates
1698 930 1893 968 accurate
1926 927 2226 969 distinxerunt:
2264 939 2543 980 puerorum

196 998 416 1053 (παίδων)
449 999 767 1054 epheborum
799 998 1070 1055 (ἀγενείων)
1103 1001 1344 1043 virorum
1376 999 1573 1057 (ἀνδρῶν
1604 1000 1671 1041 vel
1701 1000 1849 1053 νέων).

406 1136 419 1156 1
475 1135 496 1152 ν·
779 1147 800 1163 cr
892 1137 906 1156 ³

402 1136 435 1239 ἓξ
457 1136 557 1228 ὲῖἓῖο
568 1136 813 1238 αΙῗοΠςςῃῖΙξΙῖ.
836 1139 915 1231 18ζὸ
932 1193 969 1228 C.
994 1193 1035 1228 D.
1084 1192 1234 1228 Pausan.
1261 1193 1323 1237 VI,
1348 1196 1380 1237 6,
1408 1196 1425 1231 1
1451 1195 1485 1228 et
1512 1196 1565 1232 14.
1593 1197 1623 1232 1.
1648 1214 1693 1219 -
1718 1194 1867 1240 Dionys.
1892 1193 1971 1229 Hal.
1998 1195 2040 1229 A.
2067 1194 2108 1229 R.
2134 1194 2213 1236 VII,
2240 1197 2284 1232 72
2309 1194 2402 1241 (pag.
2427 1194 2543 1239 1487).

197 1271 239 1275 —
265 1251 317 1286 De
341 1262 378 1286 re
403 1252 538 1293 videas,
564 1261 705 1296 quaeso,
738 1251 875 1285 Krause
901 1251 1028 1296 Gymn.
1054 1251 1083 1293 Ι,
1115 1262 1147 1295 p.
1173 1255 1242 1289 263
1267 1262 1319 1296 sq.
1345 1271 1389 1276 -
1414 1252 1450 1286 C.
1485 1252 1630 1286 Curtius
1662 1253 1700 1286 in
1731 1253 1850 1287 Herm.
1877 1252 1958 1295 ΥΠ,
1993 1264 2025 1296 p.
2052 1257 2097 1290 43
2121 1256 2156 1287 et
2184 1264 2215 1296 p.
2245 1257 2321 1290 134,
2349 1273 2393 1277 -
2419 1252 2461 1286 K.
2488 1252 2543 1286 Fr.

198 1307 376 1344 Hermann
401 1304 669 1353 Sfaatsalterth„
696 1320 728 1354 p.
754 1311 819 1347 461
846 1309 925 1344 adn.
950 1314 983 1348 4.
1033 1309 1132 1361 Corp.
1158 1309 1269 1345 Inscr.
1295 1310 1352 1344 Gr.
1378 1309 1406 1353 I,
1431 1321 1481 1345 nr.
1506 1313 1608 1348 2214.

1100 1843 1642 1869 --—-Q-*-<->-‘2>-<·rae<-»—u-
1658 1853 1683 1857 «-

1117 3268 1280 3293 Rostochii.
1317 3269 1410 3299 Typis
1430 3269 1609 3294 Adlorianis.
