2975 3963
1468 155 1522 198 12

311 294 433 337 locus
451 294 637 338 oribasii
666 294 701 345 I,
717 292 827 336 531:
856 292 884 349 ἡ
915 292 960 335 δὲ
992 292 1259 351 ὑπερμεγέθης
1291 294 1435 351 σφαῖρα
1465 294 1617 349 πληγὰς
1646 292 1690 337 δὲ
1721 292 1958 352 ἀτεράμνους
1989 291 2136 351 ἔχουσα
2165 290 2212 335 οὐ
2243 290 2358 349 μόνον
2386 293 2464 341 τοῖς
2493 299 2669 340 νοσοῦσιν

314 381 342 419 η
372 364 449 411 τοῖς
480 364 533 406 ἐκ
562 361 716 405 νόσου
747 362 1189 420 ἀναλαμβάνουσιν
1219 359 1424 420 ἄχρηστος,
1455 361 1559 404 ἀλλὰ
1589 363 1666 405 κτὲ.

520 433 596 475 lin.
619 433 660 475 8.
701 434 781 474 δεῖ
807 431 859 474 δὲ
889 433 1055 488 μέσως
1088 431 1174 487 μὲν
1204 431 1410 488 ἔχοντα]
1456 432 1593 473 Locus
1623 432 1693 473 hic
1722 431 1834 473 haud
1865 430 1992 472 dubie
2022 418 2363 486 corruptissimus
2393 431 2436 474 in
2467 430 2668 475 editioni-

313 503 392 545 bus
422 502 484 544 ita
513 501 694 556 legitur:
735 502 797 544 δεῖ
834 499 878 543 δε
916 500 1044 556 μέσως
1084 499 1293 555 μένοντα
1331 516 1541 554 τηνικαυτα
1579 500 1805 556 χρῆσθαι
1843 496 1978 553 μηδενὶ
2010 499 2226 556 συμμέτρου
2259 499 2480 542 ἀποστάντα
2518 500 2566 542 τά
2597 500 2666 556 μὲν

312 568 442 626 ἠρέμα
471 567 741 627 προβαίνοντα,
777 568 825 612 τά
867 567 910 611 δὲ
947 566 1014 610 καὶ
1050 567 1150 610 κατὰ
1187 566 1320 625 χώραν
1359 567 1590 624 μένοντα,
1630 568 1683 623 μή
1725 567 1825 610 πολὺ
1870 567 2239 624 διαγυμνασοίμενον.
2298 568 2361 612 ἐπὶ
2390 571 2489 627 τῷδε
2519 568 2668 628 τρίψεσι

312 664 369 670 -
399 637 467 681 καὶ
497 640 668 696 λουτροῖς
701 638 855 695 θερμοῖς
884 638 1130 694 χρῆσθαι.
1193 637 1476 680 Offensionem
1507 637 1710 691 praebent
1739 636 1869 679 verba
1904 637 2080 692 χρῆσθαι
2118 640 2162 680 et
2192 639 2353 693 μένοντα
2392 639 2476 682 bis
2513 640 2666 694 posita.

312 708 493 751 Accedit
532 709 643 763 quod
679 708 794 762 prius
833 706 1009 763 χρῆσθαι
1046 705 1213 759 objecto
1253 718 1327 747 suo
1368 709 1504 755 caret;
1555 717 1653 747 nam
1695 706 1863 748 dativus
1902 703 2036 759 μηδενὶ
2081 706 2122 747 h.
2163 707 2201 749 d.
2243 711 2464 761 corruptus
2505 711 2578 751 aut
2622 708 2666 750 in

314 775 437 831 μηδὲν
468 780 544 819 aut
574 777 618 818 in
649 774 748 831 μηδὲ
779 774 1006 816 mutandus
1038 777 1116 816 est.

523 846 747 887 Praeterea
777 842 1022 885 adverbium
1054 846 1264 897 τηνικαῦτα
1294 846 1391 884 ante
1423 841 1486 884 ἐπὶ
1516 846 1626 900 τῷδε,
1658 844 1768 898 quod
1799 843 2000 898 sequitur,
2031 842 2205 885 minime
2234 843 2390 897 placet.
2450 846 2597 901 Itaque
2628 847 2664 890 si

314 915 420 968 quid
451 915 586 964 video,
616 914 721 956 haec
752 914 880 955 verba
909 915 1120 967 τηνικαῦτα
1150 913 1324 969 χρῆσθαι
1355 912 1450 954 inde
1483 917 1575 954 orta
1606 917 1717 963 sunt,
1749 914 1860 967 quod
1892 913 2102 962 librarius,
2134 913 2205 966 qui
2235 917 2331 966 post
2361 915 2423 955 δεῖ
2451 914 2664 959 infinitum

314 984 522 1038 quendam
561 983 827 1032 desideravit,
870 982 1053 1037 margini
1084 982 1308 1036 adscripsit
1357 982 1481 1025 haec:
1534 985 1785 1037 μτηνικαότα·
1826 983 2024 1039 χρῆσθαι“
2063 982 2125 1034 (id
2157 985 2244 1024 est:
2285 986 2432 1035 postea
2475 985 2667 1038 sequitur

316 1053 549 1096 infinitivus
565 1052 795 1110 χρῆσθαιῑ)
834 1052 945 1105 Quid
969 1063 1066 1094 vero
1085 1051 1239 1101 obstat,
1272 1051 1495 1105 quominus
1512 1053 1556 1093 δε
1555 1052 1574 1092 ἴ
1587 1051 1895 1107 conjungamus
1913 1064 2008 1094 cum
2026 1052 2194 1108 λουτροῖς
2226 1052 2382 1108 θερμοῖς
2411 1053 2597 1109 χρῆσθαι,
2630 1055 2666 1097 si

313 1122 523 1178 gravioris
554 1122 907 1176 interpunctionis
939 1122 1108 1176 signum
1139 1124 1235 1174 post
1265 1120 1622 1176 ὃιαγυμνασάμενον
1654 1121 1984 1163 sustulerimus?

521 1191 653 1244 Atqui
685 1192 735 1232 de
768 1191 976 1243 scriptura
1006 1190 1218 1243 participii
1249 1188 1411 1244 μένοντα
1443 1190 1607 1232 codices
1640 1190 1792 1231 mirum
1835 1193 2040 1244 quantum
2083 1190 2316 1233 discedunt.
2378 1191 2521 1233 Prima
2552 1191 2664 1233 Lau-

312 1260 495 1301 rentiani
535 1271 689 1301 manus
719 1259 848 1301 habet
888 1258 983 1314 μέσο
1014 1257 1119 1313 μὲν,
1159 1259 1270 1311 quod
1301 1259 1438 1301 altera
1469 1271 1617 1300 manus
1649 1259 1829 1300 correxit
1860 1259 1901 1299 in
1935 1258 2062 1313 μέσως
2093 1274 2162 1313 μεν
2194 1274 2310 1300 ενον
2342 1260 2415 1301 sed
2446 1260 2589 1302 addito
2622 1261 2665 1302 in

310 1329 502 1383 margine
534 1328 657 1384 μένον.
719 1328 862 1380 Quid?
901 1328 936 1369 si
969 1327 1156 1370 Galenus
1196 1328 1365 1380 scripsit
1407 1327 1534 1382 μέσως
1566 1325 1635 1382 μὲν
1667 1325 1819 1384 ἔχοντα,
1856 1327 1916 1368 ita
1956 1330 2002 1368 ut
2043 1328 2252 1381 particula
2293 1327 2361 1383 μὲν
2392 1329 2663 1382 responderet

312 1399 507 1451 sequenti
537 1396 600 1439 ἐπὶ
630 1398 762 1452 inpos?
821 1396 920 1438 Jam
952 1409 1048 1438 vero
1082 1396 1171 1437 sine
1214 1397 1304 1438 ulla
1343 1397 1562 1438 literarum
1604 1397 1837 1438 mutatione
1878 1396 2100 1449 participia
2141 1395 2396 1451 προβαίνοντα
2428 1400 2470 1439 et
2502 1398 2663 1452 μένοντα

311 1466 467 1521 corrigi
497 1470 678 1519 possunt
708 1466 753 1507 in
783 1465 1017 1506 infinitivos
1048 1463 1269 1520 προβαίνειν
1301 1468 1343 1506 et
1373 1464 1508 1518 μένειν.
1570 1465 1662 1516 Quo
1694 1464 1807 1506 facto
1839 1465 1973 1505 oratio
2005 1465 2110 1505 satis
2141 1465 2255 1505 clare
2285 1466 2494 1518 procedet.

518 1535 590 1578 lin.
612 1529 900 1588 11.'(K.908.)
931 1529 1190 1589 ἄρρωστον
1222 1532 1432 1588 δύναμιν
1464 1532 1732 1588 ἀναλαβεῖν
1762 1532 2131 1588 δυνατώτατον]
2163 1533 2448 1576 Helmreichio
2467 1536 2663 1577 assentiri

311 1616 394 1645 non
417 1616 602 1658 possum,
640 1604 712 1658 qui
741 1604 821 1645 hoc
852 1603 945 1645 loco
980 1615 1027 1644 ex
1047 1602 1271 1644 Codicibus
1297 1602 1421 1655 longe
1447 1602 1665 1645 deterioris
1692 1604 1815 1644 notae
1848 1601 2103 1644 infinitivum
2120 1600 2442 1644 ἀνακαλέσασθαι
2464 1604 2662 1647 restituit.

311 1673 622 1715 Laurentianus
647 1675 690 1715 et
706 1672 949 1714 Marcianus
976 1671 1173 1714 exhibent
1198 1669 1548 1727 ἀναβαλέσθαι,
1581 1684 1663 1725 qua
1694 1672 1736 1713 in
1764 1673 1900 1714 forma
1925 1671 2108 1725 genuina
2132 1671 2259 1714 lectio
2284 1672 2401 1715 latet.
2448 1673 2662 1727 Frequen-

309 1742 474 1784 tissime
506 1742 619 1784 enim
635 1742 790 1784 Noster
816 1744 876 1784 ita
908 1754 1007 1784 usus
1040 1744 1104 1783 est
1135 1741 1261 1784 verbo
1278 1739 1497 1797 ἀναλαβεῖν,
1529 1745 1576 1783 ut
1592 1741 1789 1792 ,reficere‘
1814 1740 2036 1796 significet.
2070 1742 2121 1784 cf.
2139 1741 2257 1792 ΧΙΙΙ,
2278 1742 2358 1785 176
2375 1738 2489 1799 ἄρτον
2519 1739 2664 1798 ἤᾶλλο

310 1827 347 1853 τι
376 1815 450 1853 τῶν
481 1811 762 1867 δυναμένων
793 1810 950 1868 ἀθρόως
982 1810 1254 1867 ἀναλαβεῖν
1285 1810 1411 1858 διδούς
1447 1836 1498 1841 —
1534 1811 1647 1860 XIV,
1679 1823 1774 1865 pag.
1800 1812 1884 1853 693
1915 1810 1936 1852 ὁ
1969 1810 2327 1867 ἀναλαμβάνων
2361 1813 2469 1866 (scil.
2497 1811 2666 1868 ἑαυτόν).

314 1881 533 1924 Oribasius
565 1881 657 1923 loco
683 1893 809 1936 supra
840 1881 972 1923 allato
1003 1877 1028 1936 ἦ
1058 1881 1135 1928 τοῖς
1166 1881 1210 1922 ἐκ
1240 1878 1353 1922 νόσου
1385 1878 1840 1936 ἀναλαμβάνουσιν.
1887 1881 2089 1934 Exempla
2111 1881 2343 1935 compluria
2361 1895 2408 1923 ex
2426 1883 2666 1925 Atticorum

313 1951 482 2004 scriptis
513 1951 648 2004 petita
679 1951 917 1992 attulerunt
961 1950 1130 1992 Passow
1161 1950 1383 2003 (Lexicon)
1414 1954 1457 1993 et
1488 1951 1726 2004 Stephanus
1758 1950 2038 2004 (Thesaurus)
2069 1963 2101 1992 s.
2134 1964 2171 1993 v.
2204 1948 2468 2006 ἀναλαμβάνω
2499 1965 2538 2005 p.
2569 1952 2666 1996 431.

313 2019 509 2061 Ceterum
543 2020 591 2061 de
623 2019 762 2061 verbis
793 2017 1063 2075 ἀναβαλέσθαι
1095 2022 1135 2060 et
1167 2017 1488 2060 ἀνακαλέσασθαι
1520 2020 1649 2061 simili
1680 2020 1802 2060 modo
1834 2019 1943 2061 inter
1982 2032 2025 2061 se
2070 2019 2256 2062 confusis
2298 2020 2393 2062 vide
2426 2019 2664 2064 Observatt.

313 2088 435 2131 Critt.
467 2101 584 2130 meas
614 2100 710 2143 pag.
743 2089 810 2130 37.

518 2158 592 2200 lin.
628 2158 693 2201 13.
754 2157 914 2199 πολλὰ
946 2156 1214 2211 πολλάκις]
1277 2159 1405 2198 Amat
1438 2157 1624 2199 Galenus
1663 2158 1771 2199 hanc
1808 2159 2167 2212 paronomasiam:
2207 2159 2259 2209 X,
2296 2159 2376 2201 144
2407 2158 2542 2202 πολλοὶ
2573 2163 2665 2202 πολ-

312 2225 432 2272 λάκις.
491 2227 611 2277 XIII,
644 2227 743 2276 333,
773 2227 860 2269 582
891 2243 931 2267 εν
961 2227 1116 2271 πολλοῖς
1148 2225 1275 2266 πολλ’
1250 2242 1345 2272 ακις.
1405 2226 1518 2275 XIV,
1550 2227 1633 2268 213
1665 2225 1726 2268 ἐπὶ
1757 2229 1910 2268 πολλῶν
1941 2226 2126 2274 πολλάκις
2158 2228 2339 2282 saepius.

519 2296 595 2338 lin.
627 2296 695 2338 20.
728 2296 801 2349 (K.
833 2296 951 2350 909.)
1010 2295 1060 2336 τὸ
1092 2294 1131 2336 δ’
1168 2291 1398 2350 εὔτονον]
1467 2294 1561 2337 Gal.
1595 2296 1666 2346 V,I
1711 2309 1750 2376 p.
1787 2296 1887 2338 139:
1930 2293 2081 2338 εὔτονον
2123 2295 2191 2350 μὲν
2236 2296 2442 2352 γυμνάσιον
2483 2296 2664 2354 ὀνομάζω

310 2380 352 2405 το
385 2363 520 2420 βιαίως
552 2361 645 2406 ἄνευ
676 2381 818 2421 ταχους
849 2365 1054 2413 οιαπονεῖν,
1088 2363 1254 2420 σφοδρὸν
1286 2362 1328 2405 δέ
1360 2364 1402 2405 τὸ
1434 2364 1467 2420 β
1460 2362 1569 2411 tvl-:am
1600 2380 1642 2405 τε
1671 2381 1737 2405 και
1768 2364 1836 2406 σὺν
1866 2364 1990 2422 τάχει.

520 2434 594 2476 lin.
626 2434 696 2476 22.
757 2433 799 2474 εἰ
830 2458 885 2463 -
917 2432 994 2488 εἴη
1029 2457 1079 2462 -
1113 2447 1389 2488 οιαπονησε
1402 2433 1440 2487 ι.]
1501 2433 1618 2475 Haec
1650 2447 1700 2475 ne
1743 2434 1810 2475 cui
1850 2434 2067 2476 offensioni
2100 2435 2184 2477 sint
2225 2436 2332 2477 sciat
2374 2448 2543 2478 necesse
2587 2440 2665 2487 est,

312 2502 523 2544 Galenum
556 2502 805 2556 saepissime
836 2502 915 2544 hac
946 2504 1159 2544 structura
1190 2515 1313 2543 usum
1345 2515 1450 2544 esse.
1512 2502 1544 2552 I,
1577 2502 1602 2544 6
1636 2502 1668 2543 εἰ
1699 2501 1743 2544 δὲ
1777 2527 1828 2532 -
1862 2502 2363 2559 ἐπισκένζναιο-μισήσεις.
2395 2529 2451 2535 -
2483 2504 2576 2556 VII,
2611 2507 2664 2547 113

312 2571 345 2613 εἰ
377 2570 446 2626 μὲν
480 2596 531 2602 -
566 2569 626 2626 εἴη
658 2595 713 2601 -
745 2570 872 2622 ἔσται;
913 2571 1013 2613 ibid.
1054 2584 1093 2624 p.
1127 2571 1180 2612 17
1222 2571 1256 2612 εἰ
1296 2570 1332 2612 δ’
1369 2569 1429 2626 εἴη
1472 2595 1528 2603 —-
1565 2570 1857 2628 ἀναφθήσεταις
1895 2584 1934 2625 p.
1970 2572 2021 2614 19
2054 2572 2087 2613 εἰ
2118 2572 2162 2614 δέ
2192 2588 2245 2620 τις
2277 2572 2479 2628 ὃιαπονοίη
2509 2598 2566 2604 -
2596 2572 2664 2616 καὶ

311 2638 503 2695 ὃιαπνοίη,
548 2640 726 2697 τρέφοιτο
757 2639 804 2696 ,δ’
840 2639 989 2682 ἐλάττω
1037 2665 1089 2670 -
1139 2639 1424 2697 ὑπαχθήσεται.
1500 2640 1724 2683 Praeterea
1755 2641 1870 2691 VIII,
1910 2641 2008 2683 526.
2070 2642 2161 2693 XV,
2193 2642 2259 2685 37.
2302 2644 2395 2686 112.
2436 2644 2531 2686 113.
2569 2644 2661 2687 179.

310 2709 445 2762 XVII,
478 2712 516 2760 1,
548 2710 648 2752 973.

518 2779 696 2822 ibidem:
739 2777 1095 2834 σφοδρότατον]
1134 2779 1229 2821 vide
1269 2792 1396 2833 supra
1438 2780 1491 2820 ad
1522 2779 1595 2821 lin.
1629 2780 1698 2821 20.
1752 2780 1914 2836 σφοδρὸν
1946 2779 1988 2821 δὲ
2019 2780 2062 2821 τὸ
2094 2778 2229 2836 βιαίως
2260 2796 2302 2822 τε
2332 2779 2397 2822 καὶ
2430 2781 2496 2823 σὺν
2526 2781 2661 2839 &zen

313 2847 405 2890 Gal.
424 2847 496 2899 VI,
516 2849 598 2890 145
631 2848 691 2901 (τὸ
723 2847 907 2904 σφοδρὸν)
941 2846 1123 2890 σύνθετόν
1154 2849 1254 2890 ἐστιν
1286 2849 1324 2896 ἐξ
1356 2847 1512 2890 εὐτόνου
1543 2864 1585 2889 τε
1615 2846 1680 2889 καὶ
1710 2848 1850 2906 ταχέος
1880 2849 1957 2891 κτὲ.

517 2929 612 2972 pag.
631 2917 674 2968 8,
692 2918 732 2959 8.
765 2915 927 2973 φωναὶ
959 2916 1206 2971 μεγάλαι]
1238 2918 1305 2959 Ad
1337 2931 1425 2958 rem
1458 2918 1550 2959 vide
1586 2916 1679 2959 Gal.
1702 2918 1818 2968 XIII,
1850 2920 1962 2972 pp.5
1996 2921 2038 2960 et
2068 2919 2117 2961 6:
2149 2917 2215 2960 καὶ
2247 2918 2375 2974 μέντοι
2400 2917 2465 2961 καὶ
2489 2922 2662 2962 ποιοῦσιν

310 2983 434 3032 οὕτως
479 2985 515 3027 οἱ
560 2990 863 3042 φωνασκοῦντες,
910 2983 1001 3027 ὅταν
1047 2985 1322 3041 ἀγωνιζόμενοι
1363 2985 1563 3042 θραόσωσι
1600 2987 1668 3041 τὴν
1707 2987 1850 3043 φωνήν.
1911 2985 1983 3028 εἰσὶ
2029 2985 2065 3028 δ’
2101 2984 2206 3029 οὗτοι
2250 2987 2465 3044 κιθαρῳδοί
2510 3004 2552 3030 τε
2596 2987 2662 3030 καὶ

309 3054 486 3111 κήρυκες,
518 3053 558 3096 οἵ
583 3070 626 3095 τε
655 3055 722 3110 τήν
752 3053 970 3110 τραγῳδίαν
1000 3053 1066 3095 καὶ
1095 3054 1306 3111 κωμῳδίαν
1338 3054 1638 3110 ὑποκρινόμενοι.
1697 3056 1876 3107 Krause,
1909 3055 2060 3110 Gymn.
2092 3057 2125 3107 Ι,
2156 3069 2196 3110 p.
2229 3057 2326 3099 634.

517 3124 592 3165 1111.
624 3123 664 3165 9.
697 3124 768 3178 (Κ.
801 3124 919 3178 910.)
981 3121 1142 3164 αἴτιαι
1173 3123 1499 3178 γεγένηνται]
1561 3124 1627 3167 Sic
1660 3125 1789 3166 etiam
1821 3124 1915 3167 Gal.
1948 3125 2066 3176 XIII,
2099 3125 2196 3167 668.
2257 3125 2349 3176 XV,
2382 3126 2478 3167 121.

1201 3290 1711 3315 ψ--νΘ-οψρ-ᾁ-ψεν---
1723 3302 1756 3304 -
1798 3300 1807 3304 ’
