<?xml version="1.0" encoding="UTF-8"?>
<!DOCTYPE html PUBLIC "-//W3C//DTD XHTML 1.0 Transitional//EN"
    "http://www.w3.org/TR/xhtml1/DTD/xhtml1-transitional.dtd">
<html xmlns="http://www.w3.org/1999/xhtml" xml:lang="en" lang="en">
 <head>
  <title>
</title>
<meta http-equiv="Content-Type" content="text/html;charset=utf-8" />
  <meta name='ocr-system' content='tesseract 3.04.00' />
  <meta name='ocr-capabilities' content='ocr_page ocr_carea ocr_par ocr_line ocrx_word'/>
</head>
<body>
  <div class='ocr_page' id='page_1' title='image "./4763785_0025.png"; bbox 0 0 2975 3963; ppageno 0'>
   <div class='ocr_carea' id='block_1_1' title="bbox 1479 156 1533 199">
    <p class='ocr_par' dir='ltr' id='par_1_1' title="bbox 1479 156 1533 199">
     <span class='ocr_line' id='line_1_1' title="bbox 1479 156 1533 199; baseline 0.019 -1"><span class='ocrx_word' id='word_1_1' title='bbox 1479 156 1533 199; x_wconf 88' lang='lat'>14</span> 
     </span>
    </p>
   </div>
   <div class='ocr_carea' id='block_1_2' title="bbox 307 292 2672 2358">
    <p class='ocr_par' dir='ltr' id='par_1_2' title="bbox 307 292 2672 572">
     <span class='ocr_line' id='line_1_2' title="bbox 524 292 2672 350; baseline 0.003 -14"><span class='ocrx_word' id='word_1_2' title='bbox 524 292 742 347; x_wconf 88' lang='lat' dir='ltr'>Quantum</span> <span class='ocrx_word' id='word_1_3' title='bbox 782 294 835 336; x_wconf 86' lang='lat' dir='ltr'>de</span> <span class='ocrx_word' id='word_1_4' title='bbox 874 296 1027 337; x_wconf 87' lang='lat' dir='ltr'>natura</span> <span class='ocrx_word' id='word_1_5' title='bbox 1066 305 1116 337; x_wconf 91' lang='lat' dir='ltr'>ac</span> <span class='ocrx_word' id='word_1_6' title='bbox 1156 294 1318 337; x_wconf 86' lang='lat' dir='ltr'>ratione</span> <span class='ocrx_word' id='word_1_7' title='bbox 1357 293 1509 336; x_wconf 88' lang='lat' dir='ltr'>horum</span> <span class='ocrx_word' id='word_1_8' title='bbox 1548 294 1759 345; x_wconf 86' lang='lat' dir='ltr'>ludorum,</span> <span class='ocrx_word' id='word_1_9' title='bbox 1799 294 1873 348; x_wconf 90' lang='lat' dir='ltr'>qui</span> <span class='ocrx_word' id='word_1_10' title='bbox 1913 294 1964 337; x_wconf 88' lang='lat' dir='ltr'>de</span> <span class='ocrx_word' id='word_1_11' title='bbox 2004 307 2049 337; x_wconf 86' lang='lat' dir='ltr'>re</span> <span class='ocrx_word' id='word_1_12' title='bbox 2089 293 2364 349; x_wconf 79' lang='lat' dir='ltr'>sphaeristica</span> <span class='ocrx_word' id='word_1_13' title='bbox 2399 295 2672 350; x_wconf 79' lang='lat' dir='ltr'>scripserunt,</span> 
     </span>
     <span class='ocr_line' id='line_1_3' title="bbox 316 367 2672 425; baseline 0.001 -14"><span class='ocrx_word' id='word_1_14' title='bbox 316 368 428 411; x_wconf 90' lang='lat' dir='ltr'>inter</span> <span class='ocrx_word' id='word_1_15' title='bbox 456 380 502 411; x_wconf 87' lang='lat' dir='ltr'>se</span> <span class='ocrx_word' id='word_1_16' title='bbox 533 367 803 419; x_wconf 76' lang='lat' dir='ltr'><strong>dissentiant,</strong></span> <span class='ocrx_word' id='word_1_17' title='bbox 832 368 903 411; x_wconf 84' lang='lat' dir='ltr'>vel</span> <span class='ocrx_word' id='word_1_18' title='bbox 933 368 1031 411; x_wconf 88' lang='lat' dir='ltr'>inde</span> <span class='ocrx_word' id='word_1_19' title='bbox 1061 367 1341 420; x_wconf 84' lang='lat' dir='ltr'>intellegitur,</span> <span class='ocrx_word' id='word_1_20' title='bbox 1381 367 1493 421; x_wconf 89' lang='lat' dir='ltr'>quod</span> <span class='ocrx_word' id='word_1_21' title='bbox 1533 367 1611 409; x_wconf 87' lang='lat' dir='ltr'>alii</span> <span class='ocrx_word' id='word_1_22' title='bbox 1646 367 1833 421; x_wconf 87' lang='lat' dir='ltr'>primum</span> <span class='ocrx_word' id='word_1_23' title='bbox 1870 380 1968 411; x_wconf 92' lang='lat' dir='ltr'>cum</span> <span class='ocrx_word' id='word_1_24' title='bbox 2007 369 2134 412; x_wconf 87' lang='lat' dir='ltr'>tertio</span> <span class='ocrx_word' id='word_1_25' title='bbox 2154 369 2200 425; x_wconf 91' lang='lat'>¹),</span> <span class='ocrx_word' id='word_1_26' title='bbox 2243 368 2318 411; x_wconf 87' lang='lat' dir='ltr'>alii</span> <span class='ocrx_word' id='word_1_27' title='bbox 2355 368 2539 411; x_wconf 86' lang='lat' dir='ltr'>alterum</span> <span class='ocrx_word' id='word_1_28' title='bbox 2575 383 2672 414; x_wconf 91' lang='lat' dir='ltr'>cum</span> 
     </span>
     <span class='ocr_line' id='line_1_4' title="bbox 314 441 2672 497; baseline 0 -11"><span class='ocrx_word' id='word_1_29' title='bbox 314 443 443 486; x_wconf 87' lang='lat' dir='ltr'>tertio</span> <span class='ocrx_word' id='word_1_30' title='bbox 459 444 509 497; x_wconf 77' lang='lat'>²),</span> <span class='ocrx_word' id='word_1_31' title='bbox 540 441 616 485; x_wconf 88' lang='lat' dir='ltr'>alii</span> <span class='ocrx_word' id='word_1_32' title='bbox 644 442 832 496; x_wconf 87' lang='lat' dir='ltr'>primum</span> <span class='ocrx_word' id='word_1_33' title='bbox 861 442 1094 485; x_wconf 87' lang='lat' dir='ltr'>secundum</span> <span class='ocrx_word' id='word_1_34' title='bbox 1123 441 1297 484; x_wconf 89' lang='lat' dir='ltr'>tertium</span> <span class='ocrx_word' id='word_1_35' title='bbox 1327 441 1482 483; x_wconf 93' lang='lat' dir='ltr'>mirum</span> <span class='ocrx_word' id='word_1_36' title='bbox 1512 441 1557 483; x_wconf 93' lang='lat' dir='ltr'>in</span> <span class='ocrx_word' id='word_1_37' title='bbox 1586 441 1761 483; x_wconf 91' lang='lat' dir='ltr'>modum</span> <span class='ocrx_word' id='word_1_38' title='bbox 1800 441 1861 483; x_wconf 91' lang='lat' dir='ltr'>ita</span> <span class='ocrx_word' id='word_1_39' title='bbox 1891 441 2170 495; x_wconf 80' lang='lat' dir='ltr'>confundunt,</span> <span class='ocrx_word' id='word_1_40' title='bbox 2201 445 2250 485; x_wconf 90' lang='lat' dir='ltr'>ut</span> <span class='ocrx_word' id='word_1_41' title='bbox 2279 442 2362 485; x_wconf 87' lang='lat' dir='ltr'>tria</span> <span class='ocrx_word' id='word_1_42' title='bbox 2392 442 2470 485; x_wconf 89' lang='lat' dir='ltr'>illa</span> <span class='ocrx_word' id='word_1_43' title='bbox 2499 444 2672 488; x_wconf 85' lang='lat' dir='ltr'>nomina</span> 
     </span>
     <span class='ocr_line' id='line_1_5' title="bbox 307 514 1586 572; baseline -0.002 -12"><span class='ocrx_word' id='word_1_44' title='bbox 307 516 369 560; x_wconf 77' lang='lat' dir='ltr'>ad</span> <span class='ocrx_word' id='word_1_45' title='bbox 399 528 532 560; x_wconf 91' lang='lat' dir='ltr'>unum</span> <span class='ocrx_word' id='word_1_46' title='bbox 561 516 827 572; x_wconf 87' lang='lat' dir='ltr'>eundemque</span> <span class='ocrx_word' id='word_1_47' title='bbox 857 516 1005 559; x_wconf 89' lang='lat' dir='ltr'>ludum</span> <span class='ocrx_word' id='word_1_48' title='bbox 1034 514 1244 570; x_wconf 88' lang='lat' dir='ltr'>pertinere</span> <span class='ocrx_word' id='word_1_49' title='bbox 1275 514 1519 558; x_wconf 83' lang='lat' dir='ltr'>existiment</span> <span class='ocrx_word' id='word_1_50' title='bbox 1536 514 1586 570; x_wconf 69' lang='grc'>8).</span> 
     </span>
    </p>

    <p class='ocr_par' dir='ltr' id='par_1_3' title="bbox 312 589 2671 721">
     <span class='ocr_line' id='line_1_6' title="bbox 528 589 2671 649; baseline 0.001 -13"><span class='ocrx_word' id='word_1_51' title='bbox 528 591 647 646; x_wconf 83' lang='lat' dir='ltr'>Quae</span> <span class='ocrx_word' id='word_1_52' title='bbox 689 604 787 636; x_wconf 94' lang='lat' dir='ltr'>cum</span> <span class='ocrx_word' id='word_1_53' title='bbox 826 592 886 635; x_wconf 89' lang='lat' dir='ltr'>ita</span> <span class='ocrx_word' id='word_1_54' title='bbox 926 590 1024 643; x_wconf 87' lang='lat' dir='ltr'>sint,</span> <span class='ocrx_word' id='word_1_55' title='bbox 1066 602 1150 633; x_wconf 93' lang='lat' dir='ltr'>non</span> <span class='ocrx_word' id='word_1_56' title='bbox 1188 590 1264 635; x_wconf 87' lang='lat' dir='ltr'>abs</span> <span class='ocrx_word' id='word_1_57' title='bbox 1295 604 1338 634; x_wconf 90' lang='lat' dir='ltr'>re</span> <span class='ocrx_word' id='word_1_58' title='bbox 1371 590 1538 633; x_wconf 87' lang='lat' dir='ltr'>videtur</span> <span class='ocrx_word' id='word_1_59' title='bbox 1568 601 1673 641; x_wconf 88' lang='lat' dir='ltr'>esse,</span> <span class='ocrx_word' id='word_1_60' title='bbox 1715 589 1815 644; x_wconf 88' lang='lat' dir='ltr'>quid</span> <span class='ocrx_word' id='word_1_61' title='bbox 1846 601 1923 632; x_wconf 90' lang='lat' dir='ltr'>nos</span> <span class='ocrx_word' id='word_1_62' title='bbox 1954 590 2005 633; x_wconf 90' lang='lat' dir='ltr'>de</span> <span class='ocrx_word' id='word_1_63' title='bbox 2037 592 2219 648; x_wconf 88' lang='lat' dir='ltr'>singulis</span> <span class='ocrx_word' id='word_1_64' title='bbox 2246 592 2499 649; x_wconf 87' lang='lat' dir='ltr'>judicemus,</span> <span class='ocrx_word' id='word_1_65' title='bbox 2526 594 2671 649; x_wconf 78' lang='lat' dir='ltr'><strong>paucis</strong></span> 
     </span>
     <span class='ocr_line' id='line_1_7' title="bbox 312 678 541 721; baseline 0.013 -14"><span class='ocrx_word' id='word_1_66' title='bbox 312 678 541 721; x_wconf 84' lang='lat' dir='ltr'>exponere.</span> 
     </span>
    </p>

    <p class='ocr_par' dir='ltr' id='par_1_4' title="bbox 310 739 2672 1392">
     <span class='ocr_line' id='line_1_8' title="bbox 525 739 2672 797; baseline 0 -11"><span class='ocrx_word' id='word_1_67' title='bbox 525 743 560 786; x_wconf 92' lang='lat' dir='ltr'>I.</span> <span class='ocrx_word' id='word_1_68' title='bbox 590 742 655 786; x_wconf 88' lang='lat' dir='ltr'>Ac</span> <span class='ocrx_word' id='word_1_69' title='bbox 676 742 858 797; x_wconf 91' lang='lat' dir='ltr'>primum</span> <span class='ocrx_word' id='word_1_70' title='bbox 884 741 1054 795; x_wconf 86' lang='lat' dir='ltr'>quidem</span> <span class='ocrx_word' id='word_1_71' title='bbox 1080 740 1396 795; x_wconf 83' lang='lat' dir='ltr'>episcyrum,</span> <span class='ocrx_word' id='word_1_72' title='bbox 1420 752 1546 794; x_wconf 91' lang='lat' dir='ltr'>quem</span> <span class='ocrx_word' id='word_1_73' title='bbox 1568 741 1736 790; x_wconf 83' lang='lat' dir='ltr'>vocant,</span> <span class='ocrx_word' id='word_1_74' title='bbox 1760 739 1908 781; x_wconf 89' lang='lat' dir='ltr'>ludum</span> <span class='ocrx_word' id='word_1_75' title='bbox 1932 739 2043 793; x_wconf 89' lang='lat' dir='ltr'>apud</span> <span class='ocrx_word' id='word_1_76' title='bbox 2066 739 2287 784; x_wconf 83' lang='lat' dir='ltr'>Pollucem</span> <span class='ocrx_word' id='word_1_77' title='bbox 2300 742 2335 797; x_wconf 68' lang='lat'>⁴)</span> <span class='ocrx_word' id='word_1_78' title='bbox 2359 743 2463 786; x_wconf 87' lang='lat' dir='ltr'>satis</span> <span class='ocrx_word' id='word_1_79' title='bbox 2487 743 2599 787; x_wconf 87' lang='lat' dir='ltr'>clare</span> <span class='ocrx_word' id='word_1_80' title='bbox 2622 756 2672 787; x_wconf 90' lang='lat' dir='ltr'>ac</span> 
     </span>
     <span class='ocr_line' id='line_1_9' title="bbox 322 811 2670 872; baseline -0.001 -14"><span class='ocrx_word' id='word_1_81' title='bbox 322 817 506 859; x_wconf 77' lang='lat' dir='ltr'>dilucide</span> <span class='ocrx_word' id='word_1_82' title='bbox 536 818 652 860; x_wconf 83' lang='lat' dir='ltr'>hisce</span> <span class='ocrx_word' id='word_1_83' title='bbox 682 816 821 859; x_wconf 83' lang='lat' dir='ltr'>verbis</span> <span class='ocrx_word' id='word_1_84' title='bbox 851 815 1109 869; x_wconf 78' lang='lat' dir='ltr'>descriptum</span> <span class='ocrx_word' id='word_1_85' title='bbox 1139 815 1293 857; x_wconf 83' lang='lat' dir='ltr'>habes:</span> <span class='ocrx_word' id='word_1_86' title='bbox 1326 813 1541 863; x_wconf 70' lang='grc' dir='ltr'>,,Παίξεται</span> <span class='ocrx_word' id='word_1_87' title='bbox 1569 814 1670 856; x_wconf 78' lang='grc' dir='ltr'>κατὰ</span> <span class='ocrx_word' id='word_1_88' title='bbox 1700 814 1851 870; x_wconf 78' lang='grc' dir='ltr'>πλῆθος</span> <span class='ocrx_word' id='word_1_89' title='bbox 1882 812 2120 855; x_wconf 78' lang='grc' dir='ltr'>διαστάντων</span> <span class='ocrx_word' id='word_1_90' title='bbox 2149 811 2244 856; x_wconf 87' lang='grc' dir='ltr'>ἴσων</span> <span class='ocrx_word' id='word_1_91' title='bbox 2281 816 2376 872; x_wconf 81' lang='grc' dir='ltr'>πρὸς</span> <span class='ocrx_word' id='word_1_92' title='bbox 2411 815 2527 866; x_wconf 79' lang='grc' dir='ltr'>ἴσους,</span> <span class='ocrx_word' id='word_1_93' title='bbox 2588 818 2670 862; x_wconf 74' lang='grc' dir='ltr'>εἶτα</span> 
     </span>
     <span class='ocr_line' id='line_1_10' title="bbox 311 885 2671 948; baseline 0.001 -17"><span class='ocrx_word' id='word_1_94' title='bbox 311 890 440 946; x_wconf 77' lang='grc' dir='ltr'>-μέσην</span> <span class='ocrx_word' id='word_1_95' title='bbox 481 891 660 947; x_wconf 74' lang='grc' dir='ltr'>γραμμὴν</span> <span class='ocrx_word' id='word_1_96' title='bbox 698 890 852 945; x_wconf 78' lang='grc' dir='ltr'>λατόπῃ</span> <span class='ocrx_word' id='word_1_97' title='bbox 893 888 1149 938; x_wconf 84' lang='grc' dir='ltr'>ἑλκυσοίντων,</span> <span class='ocrx_word' id='word_1_98' title='bbox 1190 886 1238 944; x_wconf 82' lang='grc' dir='ltr'>ἣν</span> <span class='ocrx_word' id='word_1_99' title='bbox 1278 892 1414 944; x_wconf 82' lang='grc' dir='ltr'>σκῦρον</span> <span class='ocrx_word' id='word_1_100' title='bbox 1456 892 1650 939; x_wconf 77' lang='grc' dir='ltr'>καλοῦσιν,</span> <span class='ocrx_word' id='word_1_101' title='bbox 1690 887 1756 945; x_wconf 82' lang='grc' dir='ltr'>ἐφ’</span> <span class='ocrx_word' id='word_1_102' title='bbox 1790 885 1837 942; x_wconf 81' lang='grc' dir='ltr'>ἣν</span> <span class='ocrx_word' id='word_1_103' title='bbox 1867 888 2100 935; x_wconf 79' lang='grc' dir='ltr'>καταθέντες</span> <span class='ocrx_word' id='word_1_104' title='bbox 2129 889 2199 944; x_wconf 75' lang='grc' dir='ltr'>τήν</span> <span class='ocrx_word' id='word_1_105' title='bbox 2230 891 2408 946; x_wconf 81' lang='grc' dir='ltr'>σφαῖραν,</span> <span class='ocrx_word' id='word_1_106' title='bbox 2440 892 2573 948; x_wconf 84' lang='grc' dir='ltr'>ἑτέρας</span> <span class='ocrx_word' id='word_1_107' title='bbox 2603 894 2671 937; x_wconf 81' lang='grc' dir='ltr'>δύο</span> 
     </span>
     <span class='ocr_line' id='line_1_11' title="bbox 316 962 2670 1021; baseline 0.002 -16"><span class='ocrx_word' id='word_1_108' title='bbox 316 964 478 1006; x_wconf 81' lang='grc' dir='ltr'>κατόπιν</span> <span class='ocrx_word' id='word_1_109' title='bbox 507 965 686 1021; x_wconf 77' lang='grc' dir='ltr'>γραμμὰς</span> <span class='ocrx_word' id='word_1_110' title='bbox 717 964 903 1020; x_wconf 78' lang='grc' dir='ltr'>ἑκατέρας</span> <span class='ocrx_word' id='word_1_111' title='bbox 932 967 1000 1019; x_wconf 81' lang='grc' dir='ltr'>τῆς</span> <span class='ocrx_word' id='word_1_112' title='bbox 1030 963 1175 1010; x_wconf 78' lang='grc' dir='ltr'>τάξεως</span> <span class='ocrx_word' id='word_1_113' title='bbox 1205 962 1532 1019; x_wconf 77' lang='grc' dir='ltr'>καταγράψαντες,</span> <span class='ocrx_word' id='word_1_114' title='bbox 1572 962 1698 1020; x_wconf 81' lang='grc' dir='ltr'>ὑπὲρ</span> <span class='ocrx_word' id='word_1_115' title='bbox 1738 964 1826 1010; x_wconf 80' lang='grc' dir='ltr'>τούς</span> <span class='ocrx_word' id='word_1_116' title='bbox 1869 962 2021 1019; x_wconf 85' lang='grc' dir='ltr'>ἑτέρους</span> <span class='ocrx_word' id='word_1_117' title='bbox 2060 962 2096 1003; x_wconf 85' lang='grc' dir='ltr'>οἱ</span> <span class='ocrx_word' id='word_1_118' title='bbox 2136 962 2437 1019; x_wconf 81' lang='grc' dir='ltr'>προανελόμενοι</span> <span class='ocrx_word' id='word_1_119' title='bbox 2467 964 2670 1021; x_wconf 78' lang='grc' dir='ltr'>ῥίπτουσιν,</span> 
     </span>
     <span class='ocr_line' id='line_1_12' title="bbox 310 1035 2671 1098; baseline 0.002 -18"><span class='ocrx_word' id='word_1_120' title='bbox 310 1038 374 1086; x_wconf 92' lang='grc' dir='ltr'>-οἷς</span> <span class='ocrx_word' id='word_1_121' title='bbox 415 1038 523 1096; x_wconf 82' lang='grc' dir='ltr'>ἔργον</span> <span class='ocrx_word' id='word_1_122' title='bbox 563 1035 610 1094; x_wconf 80' lang='grc' dir='ltr'>ἦν</span> <span class='ocrx_word' id='word_1_123' title='bbox 649 1036 931 1095; x_wconf 80' lang='grc' dir='ltr'>ἑπιὸροίξασθαί</span> <span class='ocrx_word' id='word_1_124' title='bbox 960 1053 1004 1079; x_wconf 86' lang='grc' dir='ltr'>τε</span> <span class='ocrx_word' id='word_1_125' title='bbox 1042 1042 1110 1094; x_wconf 79' lang='grc' dir='ltr'>τῆς</span> <span class='ocrx_word' id='word_1_126' title='bbox 1151 1036 1317 1094; x_wconf 83' lang='grc' dir='ltr'>σφαίρας</span> <span class='ocrx_word' id='word_1_127' title='bbox 1358 1038 1573 1094; x_wconf 70' lang='grc' dir='ltr'>φερομένης</span> <span class='ocrx_word' id='word_1_128' title='bbox 1613 1036 1679 1079; x_wconf 86' lang='grc' dir='ltr'>καὶ</span> <span class='ocrx_word' id='word_1_129' title='bbox 1717 1037 1946 1095; x_wconf 80' lang='grc' dir='ltr'>ἀντιβαλεῖν,</span> <span class='ocrx_word' id='word_1_130' title='bbox 1988 1038 2063 1085; x_wconf 84' lang='grc' dir='ltr'>ἕως</span> <span class='ocrx_word' id='word_1_131' title='bbox 2094 1035 2140 1080; x_wconf 83' lang='grc' dir='ltr'>ἂν</span> <span class='ocrx_word' id='word_1_132' title='bbox 2170 1037 2207 1079; x_wconf 83' lang='grc' dir='ltr'>οἱ</span> <span class='ocrx_word' id='word_1_133' title='bbox 2237 1037 2361 1094; x_wconf 78' lang='grc' dir='ltr'>ἕτεροι</span> <span class='ocrx_word' id='word_1_134' title='bbox 2400 1038 2488 1087; x_wconf 77' lang='grc' dir='ltr'>τούς</span> <span class='ocrx_word' id='word_1_135' title='bbox 2519 1040 2671 1098; x_wconf 83' lang='grc' dir='ltr'>ἑτέρους</span> 
     </span>
     <span class='ocr_line' id='line_1_13' title="bbox 318 1111 2670 1169; baseline 0.001 -15"><span class='ocrx_word' id='word_1_136' title='bbox 318 1113 414 1169; x_wconf 80' lang='grc' dir='ltr'>ὑπὲρ</span> <span class='ocrx_word' id='word_1_137' title='bbox 443 1114 511 1168; x_wconf 81' lang='grc' dir='ltr'>τήν</span> <span class='ocrx_word' id='word_1_138' title='bbox 541 1113 702 1154; x_wconf 79' lang='grc' dir='ltr'>κατόπιν</span> <span class='ocrx_word' id='word_1_139' title='bbox 732 1113 913 1169; x_wconf 72' lang='grc' dir='ltr'>γραμμὴν</span> <span class='ocrx_word' id='word_1_140' title='bbox 944 1111 1212 1162; x_wconf 82' lang='grc' dir='ltr'>ἀπώσωνται“,</span> <span class='ocrx_word' id='word_1_141' title='bbox 1256 1113 1508 1165; x_wconf 86' lang='lat' dir='ltr'>quibuscum</span> <span class='ocrx_word' id='word_1_142' title='bbox 1549 1123 1599 1153; x_wconf 88' lang='lat' dir='ltr'>ea</span> <span class='ocrx_word' id='word_1_143' title='bbox 1638 1112 1892 1153; x_wconf 87' lang='lat' dir='ltr'>conferenda</span> <span class='ocrx_word' id='word_1_144' title='bbox 1922 1115 2034 1161; x_wconf 92' lang='lat' dir='ltr'>sunt,</span> <span class='ocrx_word' id='word_1_145' title='bbox 2076 1123 2182 1165; x_wconf 90' lang='lat' dir='ltr'>quae</span> <span class='ocrx_word' id='word_1_146' title='bbox 2215 1112 2317 1153; x_wconf 91' lang='lat' dir='ltr'>dicit</span> <span class='ocrx_word' id='word_1_147' title='bbox 2347 1112 2597 1156; x_wconf 88' lang='lat' dir='ltr'>Eustathius</span> <span class='ocrx_word' id='word_1_148' title='bbox 2616 1115 2670 1169; x_wconf 76' lang='grc'>5);</span> 
     </span>
     <span class='ocr_line' id='line_1_14' title="bbox 317 1183 2671 1243; baseline 0 -15"><span class='ocrx_word' id='word_1_149' title='bbox 317 1186 569 1242; x_wconf 83' lang='grc' dir='ltr'>,,Ἔπίσκυρος</span> <span class='ocrx_word' id='word_1_150' title='bbox 600 1186 637 1227; x_wconf 85' lang='grc' dir='ltr'>δ’</span> <span class='ocrx_word' id='word_1_151' title='bbox 673 1183 700 1242; x_wconf 78' lang='grc' dir='ltr'>ᾗ</span> <span class='ocrx_word' id='word_1_152' title='bbox 731 1189 904 1243; x_wconf 81' lang='grc' dir='ltr'>ἐχρῶντο</span> <span class='ocrx_word' id='word_1_153' title='bbox 934 1186 971 1227; x_wconf 89' lang='grc' dir='ltr'>οἱ</span> <span class='ocrx_word' id='word_1_154' title='bbox 1001 1185 1200 1233; x_wconf 70' lang='grc' dir='ltr'>παίζοντες</span> <span class='ocrx_word' id='word_1_155' title='bbox 1231 1186 1331 1227; x_wconf 75' lang='grc' dir='ltr'>κατὰ</span> <span class='ocrx_word' id='word_1_156' title='bbox 1363 1186 1510 1240; x_wconf 76' lang='grc' dir='ltr'>πλήθη,</span> <span class='ocrx_word' id='word_1_157' title='bbox 1541 1186 1761 1240; x_wconf 82' lang='grc' dir='ltr'>καλουμένη</span> <span class='ocrx_word' id='word_1_158' title='bbox 1793 1186 1857 1227; x_wconf 84' lang='grc' dir='ltr'>ὃιά</span> <span class='ocrx_word' id='word_1_159' title='bbox 1889 1189 2001 1227; x_wconf 80' lang='grc' dir='ltr'>τοῦτο</span> <span class='ocrx_word' id='word_1_160' title='bbox 2032 1184 2098 1227; x_wconf 85' lang='grc' dir='ltr'>καὶ</span> <span class='ocrx_word' id='word_1_161' title='bbox 2129 1184 2327 1232; x_wconf 82' lang='grc' dir='ltr'>ἐπίκοινος.</span> <span class='ocrx_word' id='word_1_162' title='bbox 2358 1184 2383 1240; x_wconf 84' lang='grc' dir='ltr'>ἡ</span> <span class='ocrx_word' id='word_1_163' title='bbox 2415 1185 2453 1227; x_wconf 80' lang='grc' dir='ltr'>δ’</span> <span class='ocrx_word' id='word_1_164' title='bbox 2476 1186 2574 1243; x_wconf 69' lang='grc' dir='ltr'>αὕτη</span> <span class='ocrx_word' id='word_1_165' title='bbox 2606 1187 2671 1229; x_wconf 84' lang='grc' dir='ltr'>καὶ</span> 
     </span>
     <span class='ocr_line' id='line_1_15' title="bbox 316 1257 2671 1317; baseline -0 -14"><span class='ocrx_word' id='word_1_166' title='bbox 316 1260 497 1317; x_wconf 82' lang='grc' dir='ltr'>ἐφηβική.</span> <span class='ocrx_word' id='word_1_167' title='bbox 534 1259 737 1315; x_wconf 85' lang='grc' dir='ltr'>ὠνόμαστο</span> <span class='ocrx_word' id='word_1_168' title='bbox 784 1259 825 1302; x_wconf 78' lang='grc' dir='ltr'>δ’</span> <span class='ocrx_word' id='word_1_169' title='bbox 870 1259 1083 1315; x_wconf 84' lang='grc' dir='ltr'>ἐπίσκυρος,</span> <span class='ocrx_word' id='word_1_170' title='bbox 1123 1260 1259 1314; x_wconf 77' lang='grc' dir='ltr'>ἐπειδὴ</span> <span class='ocrx_word' id='word_1_171' title='bbox 1298 1260 1334 1301; x_wconf 87' lang='grc' dir='ltr'>οί</span> <span class='ocrx_word' id='word_1_172' title='bbox 1374 1258 1461 1301; x_wconf 84' lang='grc' dir='ltr'>κατ’</span> <span class='ocrx_word' id='word_1_173' title='bbox 1497 1258 1615 1314; x_wconf 77' lang='grc' dir='ltr'>αὐτὴν</span> <span class='ocrx_word' id='word_1_174' title='bbox 1654 1258 1914 1316; x_wconf 74' lang='grc' dir='ltr'>σφαιρίζοντες</span> <span class='ocrx_word' id='word_1_175' title='bbox 1955 1257 2036 1301; x_wconf 79' lang='grc' dir='ltr'>ἐπὶ</span> <span class='ocrx_word' id='word_1_176' title='bbox 2076 1258 2296 1314; x_wconf 68' lang='grc' dir='ltr'>λατύπης</span> <span class='ocrx_word' id='word_1_177' title='bbox 2342 1261 2578 1311; x_wconf 83' lang='grc' dir='ltr'>ἑστῶτες,</span> <span class='ocrx_word' id='word_1_178' title='bbox 2624 1259 2671 1317; x_wconf 82' lang='grc' dir='ltr'>ἣν</span> 
     </span>
     <span class='ocr_line' id='line_1_16' title="bbox 324 1332 1531 1392; baseline -0.001 -15"><span class='ocrx_word' id='word_1_179' title='bbox 324 1334 461 1391; x_wconf 81' lang='grc' dir='ltr'>σκῦρόν</span> <span class='ocrx_word' id='word_1_180' title='bbox 492 1351 621 1392; x_wconf 85' lang='grc' dir='ltr'>φαμεν</span> <span class='ocrx_word' id='word_1_181' title='bbox 652 1360 707 1364; x_wconf 88' lang='grc'><strong>-</strong></span> <span class='ocrx_word' id='word_1_182' title='bbox 738 1335 838 1391; x_wconf 80' lang='grc' dir='ltr'>βολῇ</span> <span class='ocrx_word' id='word_1_183' title='bbox 868 1332 1034 1391; x_wconf 81' lang='grc' dir='ltr'>σφαίρας</span> <span class='ocrx_word' id='word_1_184' title='bbox 1065 1332 1261 1390; x_wconf 77' lang='grc' dir='ltr'>ἀλλήλους</span> <span class='ocrx_word' id='word_1_185' title='bbox 1293 1332 1531 1382; x_wconf 75' lang='grc' dir='ltr'>ἐξεδίωκον.“</span> 
     </span>
    </p>

    <p class='ocr_par' dir='ltr' id='par_1_5' title="bbox 309 1407 2672 2358">
     <span class='ocr_line' id='line_1_17' title="bbox 523 1407 2671 1464; baseline 0.001 -13"><span class='ocrx_word' id='word_1_186' title='bbox 523 1409 650 1452; x_wconf 81' lang='lat' dir='ltr'><strong>Ratio</strong></span> <span class='ocrx_word' id='word_1_187' title='bbox 691 1409 865 1451; x_wconf 89' lang='lat' dir='ltr'>ludendi</span> <span class='ocrx_word' id='word_1_188' title='bbox 905 1409 1037 1464; x_wconf 90' lang='lat' dir='ltr'>igitur</span> <span class='ocrx_word' id='word_1_189' title='bbox 1075 1410 1180 1451; x_wconf 90' lang='lat' dir='ltr'>haec</span> <span class='ocrx_word' id='word_1_190' title='bbox 1219 1412 1307 1451; x_wconf 90' lang='lat' dir='ltr'>est:</span> <span class='ocrx_word' id='word_1_191' title='bbox 1346 1410 1508 1463; x_wconf 87' lang='lat' dir='ltr'>Ephebi</span> <span class='ocrx_word' id='word_1_192' title='bbox 1547 1409 1590 1450; x_wconf 93' lang='lat' dir='ltr'>in</span> <span class='ocrx_word' id='word_1_193' title='bbox 1630 1408 1727 1450; x_wconf 90' lang='lat' dir='ltr'>bina</span> <span class='ocrx_word' id='word_1_194' title='bbox 1767 1411 1906 1450; x_wconf 86' lang='lat' dir='ltr'>castra</span> <span class='ocrx_word' id='word_1_195' title='bbox 1947 1407 2220 1450; x_wconf 78' lang='lat' dir='ltr'>discedebant</span> <span class='ocrx_word' id='word_1_196' title='bbox 2265 1409 2337 1460; x_wconf 89' lang='lat' dir='ltr'>ita,</span> <span class='ocrx_word' id='word_1_197' title='bbox 2383 1413 2431 1451; x_wconf 92' lang='lat' dir='ltr'>ut</span> <span class='ocrx_word' id='word_1_198' title='bbox 2472 1423 2671 1453; x_wconf 90' lang='lat' dir='ltr'>numerus</span> 
     </span>
     <span class='ocr_line' id='line_1_18' title="bbox 315 1482 2671 1538; baseline 0.001 -12"><span class='ocrx_word' id='word_1_199' title='bbox 315 1484 553 1527; x_wconf 87' lang='lat' dir='ltr'>ludentium</span> <span class='ocrx_word' id='word_1_200' title='bbox 585 1485 628 1525; x_wconf 94' lang='lat' dir='ltr'>in</span> <span class='ocrx_word' id='word_1_201' title='bbox 659 1487 838 1538; x_wconf 77' lang='lat' dir='ltr'>utraque</span> <span class='ocrx_word' id='word_1_202' title='bbox 869 1486 988 1538; x_wconf 85' lang='lat' dir='ltr'>parte</span> <span class='ocrx_word' id='word_1_203' title='bbox 1019 1495 1096 1537; x_wconf 91' lang='lat' dir='ltr'>par</span> <span class='ocrx_word' id='word_1_204' title='bbox 1127 1487 1264 1535; x_wconf 86' lang='lat' dir='ltr'>esset;</span> <span class='ocrx_word' id='word_1_205' title='bbox 1304 1495 1446 1526; x_wconf 90' lang='lat' dir='ltr'>aream</span> <span class='ocrx_word' id='word_1_206' title='bbox 1487 1484 1623 1526; x_wconf 86' lang='lat' dir='ltr'>limite</span> <span class='ocrx_word' id='word_1_207' title='bbox 1654 1483 1723 1525; x_wconf 88' lang='lat' dir='ltr'>vel</span> <span class='ocrx_word' id='word_1_208' title='bbox 1760 1483 1875 1524; x_wconf 88' lang='lat' dir='ltr'>linea</span> <span class='ocrx_word' id='word_1_209' title='bbox 1917 1482 2074 1536; x_wconf 84' lang='lat' dir='ltr'>sparsis</span> <span class='ocrx_word' id='word_1_210' title='bbox 2114 1482 2327 1536; x_wconf 85' lang='lat' dir='ltr'>lapidibus</span> <span class='ocrx_word' id='word_1_211' title='bbox 2358 1483 2598 1538; x_wconf 86' lang='lat' dir='ltr'>significata</span> <span class='ocrx_word' id='word_1_212' title='bbox 2628 1485 2671 1528; x_wconf 90' lang='lat' dir='ltr'>in</span> 
     </span>
     <span class='ocr_line' id='line_1_19' title="bbox 309 1557 2672 1614; baseline 0 -12"><span class='ocrx_word' id='word_1_213' title='bbox 309 1560 420 1602; x_wconf 85' lang='lat' dir='ltr'>duas</span> <span class='ocrx_word' id='word_1_214' title='bbox 456 1559 568 1602; x_wconf 89' lang='lat' dir='ltr'>inter</span> <span class='ocrx_word' id='word_1_215' title='bbox 607 1572 652 1601; x_wconf 88' lang='lat' dir='ltr'>se</span> <span class='ocrx_word' id='word_1_216' title='bbox 693 1559 893 1613; x_wconf 79' lang='lat' dir='ltr'>aequales</span> <span class='ocrx_word' id='word_1_217' title='bbox 933 1561 1093 1612; x_wconf 87' lang='lat' dir='ltr'>partes</span> <span class='ocrx_word' id='word_1_218' title='bbox 1121 1558 1402 1607; x_wconf 83' lang='lat' dir='ltr'>dissecabant,</span> <span class='ocrx_word' id='word_1_219' title='bbox 1449 1570 1555 1612; x_wconf 89' lang='lat' dir='ltr'>quae</span> <span class='ocrx_word' id='word_1_220' title='bbox 1600 1570 1728 1612; x_wconf 89' lang='lat' dir='ltr'>quam</span> <span class='ocrx_word' id='word_1_221' title='bbox 1767 1557 1950 1599; x_wconf 83' lang='lat' dir='ltr'>maximo</span> <span class='ocrx_word' id='word_1_222' title='bbox 1997 1557 2132 1610; x_wconf 88' lang='lat' dir='ltr'>spatio</span> <span class='ocrx_word' id='word_1_223' title='bbox 2151 1558 2184 1607; x_wconf 75' lang='grc'>6)</span> <span class='ocrx_word' id='word_1_224' title='bbox 2226 1557 2375 1600; x_wconf 89' lang='lat' dir='ltr'>relicto</span> <span class='ocrx_word' id='word_1_225' title='bbox 2412 1561 2509 1612; x_wconf 92' lang='lat' dir='ltr'>post</span> <span class='ocrx_word' id='word_1_226' title='bbox 2550 1563 2672 1614; x_wconf 87' lang='lat' dir='ltr'>terga</span> 
     </span>
     <span class='ocr_line' id='line_1_20' title="bbox 311 1630 2671 1688; baseline 0 -13"><span class='ocrx_word' id='word_1_227' title='bbox 311 1633 534 1688; x_wconf 88' lang='lat' dir='ltr'>utriusque</span> <span class='ocrx_word' id='word_1_228' title='bbox 573 1633 772 1675; x_wconf 82' lang='lat' dir='ltr'>factionis</span> <span class='ocrx_word' id='word_1_229' title='bbox 811 1632 945 1675; x_wconf 89' lang='lat' dir='ltr'>firmis</span> <span class='ocrx_word' id='word_1_230' title='bbox 984 1632 1178 1675; x_wconf 88' lang='lat' dir='ltr'>terminis</span> <span class='ocrx_word' id='word_1_231' title='bbox 1218 1631 1502 1685; x_wconf 78' lang='lat' dir='ltr'>sopiebantur.</span> <span class='ocrx_word' id='word_1_232' title='bbox 1564 1632 1740 1674; x_wconf 83' lang='lat' dir='ltr'>Ineunte</span> <span class='ocrx_word' id='word_1_233' title='bbox 1783 1631 1913 1685; x_wconf 87' lang='lat' dir='ltr'>igitur</span> <span class='ocrx_word' id='word_1_234' title='bbox 1956 1631 2056 1673; x_wconf 91' lang='lat' dir='ltr'>ludo</span> <span class='ocrx_word' id='word_1_235' title='bbox 2102 1630 2227 1673; x_wconf 88' lang='lat' dir='ltr'>alteri</span> <span class='ocrx_word' id='word_1_236' title='bbox 2274 1632 2414 1674; x_wconf 87' lang='lat' dir='ltr'>nescio</span> <span class='ocrx_word' id='word_1_237' title='bbox 2459 1645 2513 1675; x_wconf 88' lang='lat' dir='ltr'>an</span> <span class='ocrx_word' id='word_1_238' title='bbox 2558 1637 2671 1676; x_wconf 84' lang='lat' dir='ltr'>sorte</span> 
     </span>
     <span class='ocr_line' id='line_1_21' title="bbox 318 1705 2671 1762; baseline 0 -12"><span class='ocrx_word' id='word_1_239' title='bbox 318 1707 531 1762; x_wconf 87' lang='lat' dir='ltr'>designati</span> <span class='ocrx_word' id='word_1_240' title='bbox 562 1707 606 1749; x_wconf 91' lang='lat' dir='ltr'>in</span> <span class='ocrx_word' id='word_1_241' title='bbox 637 1707 777 1749; x_wconf 89' lang='lat' dir='ltr'>medio</span> <span class='ocrx_word' id='word_1_242' title='bbox 808 1707 947 1749; x_wconf 89' lang='lat' dir='ltr'>limite</span> <span class='ocrx_word' id='word_1_243' title='bbox 978 1719 1022 1749; x_wconf 87' lang='lat' dir='ltr'>se</span> <span class='ocrx_word' id='word_1_244' title='bbox 1054 1707 1278 1756; x_wconf 90' lang='lat' dir='ltr'>collocant,</span> <span class='ocrx_word' id='word_1_245' title='bbox 1311 1707 1411 1748; x_wconf 93' lang='lat' dir='ltr'>dum</span> <span class='ocrx_word' id='word_1_246' title='bbox 1442 1707 1567 1748; x_wconf 89' lang='lat' dir='ltr'>alteri</span> <span class='ocrx_word' id='word_1_247' title='bbox 1599 1706 1703 1748; x_wconf 89' lang='lat' dir='ltr'>fines</span> <span class='ocrx_word' id='word_1_248' title='bbox 1734 1708 1829 1759; x_wconf 89' lang='lat' dir='ltr'>post</span> <span class='ocrx_word' id='word_1_249' title='bbox 1859 1718 1904 1747; x_wconf 89' lang='lat' dir='ltr'>se</span> <span class='ocrx_word' id='word_1_250' title='bbox 1935 1706 2187 1748; x_wconf 90' lang='lat' dir='ltr'>constitutos</span> <span class='ocrx_word' id='word_1_251' title='bbox 2229 1705 2443 1748; x_wconf 85' lang='lat' dir='ltr'>defensuri</span> <span class='ocrx_word' id='word_1_252' title='bbox 2481 1708 2524 1749; x_wconf 94' lang='lat' dir='ltr'>in</span> <span class='ocrx_word' id='word_1_253' title='bbox 2567 1708 2671 1762; x_wconf 89' lang='lat' dir='ltr'>ipsis</span> 
     </span>
     <span class='ocr_line' id='line_1_22' title="bbox 314 1779 2671 1837; baseline 0 -12"><span class='ocrx_word' id='word_1_254' title='bbox 314 1782 472 1825; x_wconf 88' lang='lat' dir='ltr'>finibus</span> <span class='ocrx_word' id='word_1_255' title='bbox 503 1780 751 1825; x_wconf 89' lang='lat' dir='ltr'>subsistunt.</span> <span class='ocrx_word' id='word_1_256' title='bbox 796 1781 958 1824; x_wconf 90' lang='lat' dir='ltr'>Deinde</span> <span class='ocrx_word' id='word_1_257' title='bbox 989 1781 1039 1832; x_wconf 89' lang='lat' dir='ltr'>is,</span> <span class='ocrx_word' id='word_1_258' title='bbox 1070 1781 1141 1835; x_wconf 89' lang='lat' dir='ltr'>qui</span> <span class='ocrx_word' id='word_1_259' title='bbox 1172 1781 1312 1824; x_wconf 92' lang='lat' dir='ltr'>locum</span> <span class='ocrx_word' id='word_1_260' title='bbox 1343 1781 1455 1835; x_wconf 90' lang='lat' dir='ltr'>pilae</span> <span class='ocrx_word' id='word_1_261' title='bbox 1488 1781 1531 1823; x_wconf 94' lang='lat' dir='ltr'>in</span> <span class='ocrx_word' id='word_1_262' title='bbox 1563 1780 1734 1824; x_wconf 84' lang='lat' dir='ltr'>tramite</span> <span class='ocrx_word' id='word_1_263' title='bbox 1759 1779 1973 1834; x_wconf 88' lang='lat' dir='ltr'>depositae</span> <span class='ocrx_word' id='word_1_264' title='bbox 1998 1780 2233 1834; x_wconf 85' lang='lat' dir='ltr'>proximum</span> <span class='ocrx_word' id='word_1_265' title='bbox 2256 1783 2385 1837; x_wconf 88' lang='lat' dir='ltr'>tenet,</span> <span class='ocrx_word' id='word_1_266' title='bbox 2417 1794 2511 1825; x_wconf 85' lang='lat' dir='ltr'>eam</span> <span class='ocrx_word' id='word_1_267' title='bbox 2541 1783 2671 1835; x_wconf 90' lang='lat' dir='ltr'>tollit,</span> 
     </span>
     <span class='ocr_line' id='line_1_23' title="bbox 317 1855 2671 1911; baseline 0 -12"><span class='ocrx_word' id='word_1_268' title='bbox 317 1857 613 1911; x_wconf 88' lang='lat' dir='ltr'>sublatamque</span> <span class='ocrx_word' id='word_1_269' title='bbox 638 1868 765 1910; x_wconf 88' lang='lat' dir='ltr'>supra</span> <span class='ocrx_word' id='word_1_270' title='bbox 790 1856 934 1898; x_wconf 91' lang='lat' dir='ltr'>hostes</span> <span class='ocrx_word' id='word_1_271' title='bbox 965 1856 1133 1898; x_wconf 87' lang='lat' dir='ltr'>mittere</span> <span class='ocrx_word' id='word_1_272' title='bbox 1165 1856 1320 1898; x_wconf 88' lang='lat' dir='ltr'>studet.</span> <span class='ocrx_word' id='word_1_273' title='bbox 1367 1855 1460 1898; x_wconf 91' lang='lat' dir='ltr'>Hoc</span> <span class='ocrx_word' id='word_1_274' title='bbox 1492 1856 1694 1909; x_wconf 87' lang='lat' dir='ltr'>temporis</span> <span class='ocrx_word' id='word_1_275' title='bbox 1724 1858 1938 1897; x_wconf 86' lang='lat' dir='ltr'>momento</span> <span class='ocrx_word' id='word_1_276' title='bbox 1969 1855 2008 1897; x_wconf 91' lang='lat' dir='ltr'>ei</span> <span class='ocrx_word' id='word_1_277' title='bbox 2040 1855 2111 1908; x_wconf 91' lang='lat' dir='ltr'>qui</span> <span class='ocrx_word' id='word_1_278' title='bbox 2142 1855 2194 1897; x_wconf 91' lang='lat' dir='ltr'>ab</span> <span class='ocrx_word' id='word_1_279' title='bbox 2227 1856 2362 1898; x_wconf 90' lang='lat' dir='ltr'>altera</span> <span class='ocrx_word' id='word_1_280' title='bbox 2391 1859 2510 1910; x_wconf 89' lang='lat' dir='ltr'>parte</span> <span class='ocrx_word' id='word_1_281' title='bbox 2542 1859 2671 1908; x_wconf 86' lang='lat' dir='ltr'>stant,</span> 
     </span>
     <span class='ocr_line' id='line_1_24' title="bbox 318 1929 2669 1984; baseline 0 -11"><span class='ocrx_word' id='word_1_282' title='bbox 318 1930 535 1973; x_wconf 89' lang='lat' dir='ltr'>advolanti</span> <span class='ocrx_word' id='word_1_283' title='bbox 563 1930 676 1984; x_wconf 89' lang='lat' dir='ltr'>pilae</span> <span class='ocrx_word' id='word_1_284' title='bbox 708 1932 955 1979; x_wconf 80' lang='lat' dir='ltr'>occurrunt3</span> <span class='ocrx_word' id='word_1_285' title='bbox 997 1930 1246 1983; x_wconf 89' lang='lat' dir='ltr'>cuicumque</span> <span class='ocrx_word' id='word_1_286' title='bbox 1288 1941 1381 1971; x_wconf 89' lang='lat' dir='ltr'>eam</span> <span class='ocrx_word' id='word_1_287' title='bbox 1420 1932 1590 1983; x_wconf 88' lang='lat' dir='ltr'>captare</span> <span class='ocrx_word' id='word_1_288' title='bbox 1630 1929 1854 1982; x_wconf 88' lang='lat' dir='ltr'>contingit,</span> <span class='ocrx_word' id='word_1_289' title='bbox 1894 1929 1930 1970; x_wconf 90' lang='lat' dir='ltr'>is</span> <span class='ocrx_word' id='word_1_290' title='bbox 1971 1941 2053 1982; x_wconf 92' lang='lat' dir='ltr'>quo</span> <span class='ocrx_word' id='word_1_291' title='bbox 2096 1932 2265 1982; x_wconf 87' lang='lat' dir='ltr'>ceperat</span> <span class='ocrx_word' id='word_1_292' title='bbox 2294 1929 2388 1972; x_wconf 93' lang='lat' dir='ltr'>loco</span> <span class='ocrx_word' id='word_1_293' title='bbox 2420 1931 2669 1981; x_wconf 87' lang='lat' dir='ltr'>consistens,</span> 
     </span>
     <span class='ocr_line' id='line_1_25' title="bbox 313 2002 2671 2060; baseline 0 -12"><span class='ocrx_word' id='word_1_294' title='bbox 313 2005 447 2060; x_wconf 87' lang='lat' dir='ltr'>pilam</span> <span class='ocrx_word' id='word_1_295' title='bbox 487 2004 670 2059; x_wconf 89' lang='lat' dir='ltr'>repellit.</span> <span class='ocrx_word' id='word_1_296' title='bbox 750 2004 910 2047; x_wconf 87' lang='lat' dir='ltr'>Eodem</span> <span class='ocrx_word' id='word_1_297' title='bbox 950 2004 1045 2047; x_wconf 91' lang='lat' dir='ltr'>loco</span> <span class='ocrx_word' id='word_1_298' title='bbox 1087 2004 1281 2046; x_wconf 90' lang='lat' dir='ltr'>consistit</span> <span class='ocrx_word' id='word_1_299' title='bbox 1321 2004 1450 2047; x_wconf 90' lang='lat' dir='ltr'>etiam</span> <span class='ocrx_word' id='word_1_300' title='bbox 1489 2006 1582 2046; x_wconf 89' lang='lat' dir='ltr'>tota</span> <span class='ocrx_word' id='word_1_301' title='bbox 1620 2003 1830 2046; x_wconf 88' lang='lat' dir='ltr'>sociorum</span> <span class='ocrx_word' id='word_1_302' title='bbox 1871 2003 2068 2056; x_wconf 83' lang='lat' dir='ltr'>phalanx.</span> <span class='ocrx_word' id='word_1_303' title='bbox 2142 2002 2340 2046; x_wconf 86' lang='lat' dir='ltr'>Ceterum</span> <span class='ocrx_word' id='word_1_304' title='bbox 2378 2004 2421 2046; x_wconf 93' lang='lat' dir='ltr'>in</span> <span class='ocrx_word' id='word_1_305' title='bbox 2459 2005 2539 2047; x_wconf 92' lang='lat' dir='ltr'>hoc</span> <span class='ocrx_word' id='word_1_306' title='bbox 2569 2006 2671 2048; x_wconf 91' lang='lat' dir='ltr'>ludo</span> 
     </span>
     <span class='ocr_line' id='line_1_26' title="bbox 316 2077 2672 2133; baseline 0 -11"><span class='ocrx_word' id='word_1_307' title='bbox 316 2080 441 2122; x_wconf 90' lang='lat' dir='ltr'>cardo</span> <span class='ocrx_word' id='word_1_308' title='bbox 473 2079 644 2122; x_wconf 87' lang='lat' dir='ltr'>omnino</span> <span class='ocrx_word' id='word_1_309' title='bbox 675 2091 760 2121; x_wconf 91' lang='lat' dir='ltr'>non</span> <span class='ocrx_word' id='word_1_310' title='bbox 791 2079 834 2121; x_wconf 93' lang='lat' dir='ltr'>in</span> <span class='ocrx_word' id='word_1_311' title='bbox 866 2091 914 2121; x_wconf 92' lang='lat' dir='ltr'>eo</span> <span class='ocrx_word' id='word_1_312' title='bbox 945 2078 1208 2128; x_wconf 86' lang='lat' dir='ltr'>versabatur,</span> <span class='ocrx_word' id='word_1_313' title='bbox 1240 2082 1287 2121; x_wconf 94' lang='lat' dir='ltr'>ut</span> <span class='ocrx_word' id='word_1_314' title='bbox 1317 2079 1405 2132; x_wconf 90' lang='lat' dir='ltr'>pila</span> <span class='ocrx_word' id='word_1_315' title='bbox 1435 2080 1488 2121; x_wconf 88' lang='lat' dir='ltr'>ab</span> <span class='ocrx_word' id='word_1_316' title='bbox 1520 2077 1772 2120; x_wconf 89' lang='lat' dir='ltr'>adversariis</span> <span class='ocrx_word' id='word_1_317' title='bbox 1804 2077 2084 2130; x_wconf 82' lang='lat' dir='ltr'>exciperetur3</span> <span class='ocrx_word' id='word_1_318' title='bbox 2117 2078 2248 2120; x_wconf 90' lang='lat' dir='ltr'>immo</span> <span class='ocrx_word' id='word_1_319' title='bbox 2271 2091 2383 2128; x_wconf 85' lang='lat' dir='ltr'>vero,</span> <span class='ocrx_word' id='word_1_320' title='bbox 2415 2079 2457 2120; x_wconf 89' lang='lat' dir='ltr'>id</span> <span class='ocrx_word' id='word_1_321' title='bbox 2488 2080 2599 2133; x_wconf 90' lang='lat' dir='ltr'>quod</span> <span class='ocrx_word' id='word_1_322' title='bbox 2624 2093 2672 2122; x_wconf 84' lang='lat' dir='ltr'>ex</span> 
     </span>
     <span class='ocr_line' id='line_1_27' title="bbox 314 2150 2672 2209; baseline 0 -13"><span class='ocrx_word' id='word_1_323' title='bbox 314 2153 506 2197; x_wconf 89' lang='lat' dir='ltr'>Pollucis</span> <span class='ocrx_word' id='word_1_324' title='bbox 536 2152 675 2196; x_wconf 85' lang='lat' dir='ltr'>verbis</span> <span class='ocrx_word' id='word_1_325' title='bbox 706 2155 895 2207; x_wconf 87' lang='lat' dir='ltr'>apparet,</span> <span class='ocrx_word' id='word_1_326' title='bbox 935 2153 1007 2207; x_wconf 91' lang='lat' dir='ltr'>qui</span> <span class='ocrx_word' id='word_1_327' title='bbox 1046 2166 1129 2195; x_wconf 91' lang='lat' dir='ltr'>non</span> <span class='ocrx_word' id='word_1_328' title='bbox 1167 2153 1251 2195; x_wconf 86' lang='lat' dir='ltr'>nisi</span> <span class='ocrx_word' id='word_1_329' title='bbox 1281 2154 1407 2195; x_wconf 89' lang='lat' dir='ltr'>verbo</span> <span class='ocrx_word' id='word_1_330' title='bbox 1446 2150 1663 2209; x_wconf 82' lang='grc' dir='ltr'>ἀντιβαλεῖν</span> <span class='ocrx_word' id='word_1_331' title='bbox 1706 2164 1806 2193; x_wconf 90' lang='lat' dir='ltr'>usus</span> <span class='ocrx_word' id='word_1_332' title='bbox 1838 2154 1916 2202; x_wconf 89' lang='lat' dir='ltr'>est,</span> <span class='ocrx_word' id='word_1_333' title='bbox 1957 2151 2111 2206; x_wconf 89' lang='lat' dir='ltr'>quibus</span> <span class='ocrx_word' id='word_1_334' title='bbox 2149 2152 2327 2207; x_wconf 91' lang='lat' dir='ltr'>quisque</span> <span class='ocrx_word' id='word_1_335' title='bbox 2367 2153 2539 2196; x_wconf 88' lang='lat' dir='ltr'>volebat</span> <span class='ocrx_word' id='word_1_336' title='bbox 2568 2155 2672 2196; x_wconf 87' lang='lat' dir='ltr'>arti-</span> 
     </span>
     <span class='ocr_line' id='line_1_28' title="bbox 315 2226 2671 2283; baseline 0 -12"><span class='ocrx_word' id='word_1_337' title='bbox 315 2228 424 2271; x_wconf 89' lang='lat' dir='ltr'>ficiis</span> <span class='ocrx_word' id='word_1_338' title='bbox 455 2230 624 2270; x_wconf 86' lang='lat' dir='ltr'>utentes</span> <span class='ocrx_word' id='word_1_339' title='bbox 654 2228 787 2282; x_wconf 88' lang='lat' dir='ltr'>pilam</span> <span class='ocrx_word' id='word_1_340' title='bbox 817 2227 1070 2278; x_wconf 75' lang='lat' dir='ltr'>reiciebant3</span> <span class='ocrx_word' id='word_1_341' title='bbox 1108 2228 1218 2270; x_wconf 89' lang='lat' dir='ltr'>nihil</span> <span class='ocrx_word' id='word_1_342' title='bbox 1259 2227 1370 2269; x_wconf 89' lang='lat' dir='ltr'>enim</span> <span class='ocrx_word' id='word_1_343' title='bbox 1408 2227 1632 2278; x_wconf 81' lang='lat' dir='ltr'>referebat,</span> <span class='ocrx_word' id='word_1_344' title='bbox 1664 2230 1806 2270; x_wconf 92' lang='lat' dir='ltr'>utrum</span> <span class='ocrx_word' id='word_1_345' title='bbox 1845 2226 2041 2269; x_wconf 90' lang='lat' dir='ltr'>manibus</span> <span class='ocrx_word' id='word_1_346' title='bbox 2072 2238 2126 2269; x_wconf 90' lang='lat' dir='ltr'>an</span> <span class='ocrx_word' id='word_1_347' title='bbox 2157 2227 2334 2281; x_wconf 89' lang='lat' dir='ltr'>pedibus</span> <span class='ocrx_word' id='word_1_348' title='bbox 2366 2239 2459 2270; x_wconf 88' lang='lat' dir='ltr'>eam</span> <span class='ocrx_word' id='word_1_349' title='bbox 2491 2229 2671 2283; x_wconf 86' lang='lat' dir='ltr'>repelle-</span> 
     </span>
     <span class='ocr_line' id='line_1_29' title="bbox 316 2302 2672 2358; baseline 0.001 -13"><span class='ocrx_word' id='word_1_350' title='bbox 316 2307 411 2346; x_wconf 90' lang='lat' dir='ltr'>rent</span> <span class='ocrx_word' id='word_1_351' title='bbox 430 2304 477 2358; x_wconf 70' lang='grc'>7).</span> <span class='ocrx_word' id='word_1_352' title='bbox 536 2304 684 2357; x_wconf 86' lang='lat' dir='ltr'>Neque</span> <span class='ocrx_word' id='word_1_353' title='bbox 716 2303 823 2345; x_wconf 92' lang='lat' dir='ltr'>illud</span> <span class='ocrx_word' id='word_1_354' title='bbox 854 2303 1078 2356; x_wconf 88' lang='lat' dir='ltr'>indignum</span> <span class='ocrx_word' id='word_1_355' title='bbox 1109 2305 1345 2344; x_wconf 89' lang='lat' dir='ltr'>memoratu</span> <span class='ocrx_word' id='word_1_356' title='bbox 1376 2303 1556 2353; x_wconf 86' lang='lat' dir='ltr'>videtur,</span> <span class='ocrx_word' id='word_1_357' title='bbox 1588 2304 1699 2344; x_wconf 91' lang='lat' dir='ltr'>hunc</span> <span class='ocrx_word' id='word_1_358' title='bbox 1730 2303 1872 2344; x_wconf 90' lang='lat' dir='ltr'>lusum</span> <span class='ocrx_word' id='word_1_359' title='bbox 1903 2302 2185 2356; x_wconf 87' lang='lat' dir='ltr'>nequicquam</span> <span class='ocrx_word' id='word_1_360' title='bbox 2218 2303 2404 2357; x_wconf 87' lang='lat' dir='ltr'>desiisse,</span> <span class='ocrx_word' id='word_1_361' title='bbox 2438 2304 2473 2346; x_wconf 92' lang='lat' dir='ltr'>si</span> <span class='ocrx_word' id='word_1_362' title='bbox 2505 2305 2672 2358; x_wconf 90' lang='lat' dir='ltr'>quando</span> 
     </span>
    </p>
   </div>
   <div class='ocr_carea' id='block_1_3' title="bbox 312 2377 2672 2433">
    <p class='ocr_par' dir='ltr' id='par_1_6' title="bbox 312 2377 2672 2433">
     <span class='ocr_line' id='line_1_30' title="bbox 312 2377 2672 2433; baseline 0 -13"><span class='ocrx_word' id='word_1_363' title='bbox 312 2379 402 2433; x_wconf 91' lang='lat' dir='ltr'>pila</span> <span class='ocrx_word' id='word_1_364' title='bbox 432 2379 475 2420; x_wconf 93' lang='lat' dir='ltr'>in</span> <span class='ocrx_word' id='word_1_365' title='bbox 505 2378 678 2433; x_wconf 85' lang='lat' dir='ltr'>pulvere</span> <span class='ocrx_word' id='word_1_366' title='bbox 708 2378 916 2420; x_wconf 83' lang='lat' dir='ltr'>haesisset</span> <span class='ocrx_word' id='word_1_367' title='bbox 934 2378 990 2431; x_wconf 81' lang='lat'>⁸);</span> <span class='ocrx_word' id='word_1_368' title='bbox 1033 2377 1120 2428; x_wconf 91' lang='lat' dir='ltr'>sed,</span> <span class='ocrx_word' id='word_1_369' title='bbox 1160 2377 1195 2418; x_wconf 91' lang='lat' dir='ltr'>si</span> <span class='ocrx_word' id='word_1_370' title='bbox 1234 2377 1321 2418; x_wconf 88' lang='lat' dir='ltr'>tale</span> <span class='ocrx_word' id='word_1_371' title='bbox 1363 2377 1464 2431; x_wconf 89' lang='lat' dir='ltr'>quid</span> <span class='ocrx_word' id='word_1_372' title='bbox 1506 2377 1743 2427; x_wconf 88' lang='lat' dir='ltr'>accidisset,</span> <span class='ocrx_word' id='word_1_373' title='bbox 1784 2388 1877 2418; x_wconf 87' lang='lat' dir='ltr'>eam</span> <span class='ocrx_word' id='word_1_374' title='bbox 1917 2377 2094 2431; x_wconf 87' lang='lat' dir='ltr'>pedibus</span> <span class='ocrx_word' id='word_1_375' title='bbox 2135 2389 2299 2432; x_wconf 88' lang='lat' dir='ltr'>quoque</span> <span class='ocrx_word' id='word_1_376' title='bbox 2331 2390 2457 2433; x_wconf 86' lang='lat' dir='ltr'>supra</span> <span class='ocrx_word' id='word_1_377' title='bbox 2488 2379 2672 2421; x_wconf 91' lang='lat' dir='ltr'>mediam</span> 
     </span>
    </p>
   </div>
   <div class='ocr_carea' id='block_1_4' title="bbox 300 2525 2673 2747">
    <p class='ocr_par' dir='ltr' id='par_1_7' title="bbox 316 2525 2673 2627">
     <span class='ocr_line' id='line_1_31' title="bbox 524 2525 2673 2571; baseline 0 -11"><span class='ocrx_word' id='word_1_378' title='bbox 524 2526 553 2571; x_wconf 83' lang='grc' dir='ltr'>ι)</span> <span class='ocrx_word' id='word_1_379' title='bbox 577 2526 794 2571; x_wconf 80' lang='lat' dir='ltr'>Marquardt,</span> <span class='ocrx_word' id='word_1_380' title='bbox 820 2525 920 2560; x_wconf 67' lang='lat' dir='ltr'>Rom.</span> <span class='ocrx_word' id='word_1_381' title='bbox 946 2525 1211 2560; x_wconf 80' lang='lat' dir='ltr'>Privatalterth.</span> <span class='ocrx_word' id='word_1_382' title='bbox 1239 2526 1282 2569; x_wconf 79' lang='lat' dir='ltr'>V,</span> <span class='ocrx_word' id='word_1_383' title='bbox 1308 2529 1340 2562; x_wconf 84' lang='lat'>2.</span> <span class='ocrx_word' id='word_1_384' title='bbox 1367 2537 1398 2569; x_wconf 85' lang='lat' dir='ltr'>p.</span> <span class='ocrx_word' id='word_1_385' title='bbox 1422 2528 1501 2562; x_wconf 81' lang='lat'>425.</span> <span class='ocrx_word' id='word_1_386' title='bbox 1551 2526 1588 2560; x_wconf 88' lang='lat' dir='ltr'>L.</span> <span class='ocrx_word' id='word_1_387' title='bbox 1616 2525 1712 2569; x_wconf 85' lang='lat' dir='ltr'>Becq</span> <span class='ocrx_word' id='word_1_388' title='bbox 1737 2525 1780 2559; x_wconf 83' lang='lat' dir='ltr'>‹le</span> <span class='ocrx_word' id='word_1_389' title='bbox 1806 2525 2036 2569; x_wconf 64' lang='lat' dir='ltr'>Fouquieres,</span> <span class='ocrx_word' id='word_1_390' title='bbox 2063 2525 2131 2559; x_wconf 83' lang='lat' dir='ltr'>Les</span> <span class='ocrx_word' id='word_1_391' title='bbox 2152 2525 2239 2569; x_wconf 81' lang='lat' dir='ltr'>jeux</span> <span class='ocrx_word' id='word_1_392' title='bbox 2264 2526 2327 2560; x_wconf 84' lang='lat' dir='ltr'>des</span> <span class='ocrx_word' id='word_1_393' title='bbox 2353 2527 2522 2570; x_wconf 81' lang='lat' dir='ltr'>Aneiens,</span> <span class='ocrx_word' id='word_1_394' title='bbox 2548 2538 2581 2571; x_wconf 86' lang='lat' dir='ltr'>p.</span> <span class='ocrx_word' id='word_1_395' title='bbox 2597 2530 2673 2564; x_wconf 83' lang='lat'>186.</span> 
     </span>
     <span class='ocr_line' id='line_1_32' title="bbox 316 2582 1279 2627; baseline -0.002 -9"><span class='ocrx_word' id='word_1_396' title='bbox 316 2584 407 2627; x_wconf 72' lang='lat' dir='ltr'>Gon,</span> <span class='ocrx_word' id='word_1_397' title='bbox 433 2582 675 2618; x_wconf 85' lang='lat' dir='ltr'>Culturbilder</span> <span class='ocrx_word' id='word_1_398' title='bbox 697 2593 763 2617; x_wconf 86' lang='lat' dir='ltr'>aus</span> <span class='ocrx_word' id='word_1_399' title='bbox 788 2582 909 2617; x_wconf 84' lang='lat' dir='ltr'>Hellas</span> <span class='ocrx_word' id='word_1_400' title='bbox 933 2593 968 2616; x_wconf 92' lang='lat' dir='ltr'>u.</span> <span class='ocrx_word' id='word_1_401' title='bbox 994 2582 1083 2618; x_wconf 88' lang='lat' dir='ltr'>Rom</span> <span class='ocrx_word' id='word_1_402' title='bbox 1110 2583 1137 2624; x_wconf 85' lang='grc' dir='ltr'>Ι,</span> <span class='ocrx_word' id='word_1_403' title='bbox 1164 2594 1196 2626; x_wconf 90' lang='lat' dir='ltr'>p.</span> <span class='ocrx_word' id='word_1_404' title='bbox 1224 2586 1279 2620; x_wconf 88' lang='grc'>69.</span> 
     </span>
    </p>

    <p class='ocr_par' dir='ltr' id='par_1_8' title="bbox 300 2636 2672 2747">
     <span class='ocr_line' id='line_1_33' title="bbox 521 2636 2672 2688; baseline 0 -12"><span class='ocrx_word' id='word_1_405' title='bbox 521 2640 552 2686; x_wconf 76' lang='lat'>²)</span> <span class='ocrx_word' id='word_1_406' title='bbox 577 2640 706 2676; x_wconf 77' lang='lat' dir='ltr'>Athen.</span> <span class='ocrx_word' id='word_1_407' title='bbox 733 2639 759 2682; x_wconf 86' lang='lat' dir='ltr'>I,</span> <span class='ocrx_word' id='word_1_408' title='bbox 785 2642 830 2677; x_wconf 85' lang='lat'>25</span> <span class='ocrx_word' id='word_1_409' title='bbox 855 2641 944 2674; x_wconf 62' lang='lat' dir='ltr'>extr.</span> <span class='ocrx_word' id='word_1_410' title='bbox 993 2638 1042 2676; x_wconf 82' lang='grc' dir='ltr'>Τὸ</span> <span class='ocrx_word' id='word_1_411' title='bbox 1067 2640 1104 2676; x_wconf 77' lang='grc' dir='ltr'>δὲ</span> <span class='ocrx_word' id='word_1_412' title='bbox 1127 2637 1342 2687; x_wconf 62' lang='grc' dir='ltr'>καλούμενον</span> <span class='ocrx_word' id='word_1_413' title='bbox 1368 2639 1424 2676; x_wconf 70' lang='grc' dir='ltr'>διὰ</span> <span class='ocrx_word' id='word_1_414' title='bbox 1448 2642 1511 2687; x_wconf 75' lang='grc' dir='ltr'>τῆς</span> <span class='ocrx_word' id='word_1_415' title='bbox 1536 2640 1681 2687; x_wconf 80' lang='grc' dir='ltr'>σφαίρας</span> <span class='ocrx_word' id='word_1_416' title='bbox 1706 2636 1932 2686; x_wconf 72' lang='grc' dir='ltr'>ἁρπαστὸν</span> <span class='ocrx_word' id='word_1_417' title='bbox 1960 2639 2174 2687; x_wconf 77' lang='grc' dir='ltr'>φαινίνδα</span> <span class='ocrx_word' id='word_1_418' title='bbox 2201 2639 2368 2682; x_wconf 77' lang='grc' dir='ltr'>ἐκαλεῖτο,</span> <span class='ocrx_word' id='word_1_419' title='bbox 2402 2637 2420 2677; x_wconf 69' lang='grc' dir='ltr'>’ὂ</span> <span class='ocrx_word' id='word_1_420' title='bbox 2446 2640 2512 2688; x_wconf 80' lang='grc' dir='ltr'>ἐγὼ</span> <span class='ocrx_word' id='word_1_421' title='bbox 2534 2639 2672 2677; x_wconf 71' lang='grc' dir='ltr'>πάντων</span> 
     </span>
     <span class='ocr_line' id='line_1_34' title="bbox 300 2694 698 2747; baseline -0.005 -13"><span class='ocrx_word' id='word_1_422' title='bbox 300 2694 465 2747; x_wconf 43' lang='grc' dir='ltr'>’μάλιστα</span> <span class='ocrx_word' id='word_1_423' title='bbox 490 2696 698 2746; x_wconf 75' lang='grc' dir='ltr'>ἀσπάζομαι.</span> 
     </span>
    </p>
   </div>
   <div class='ocr_carea' id='block_1_5' title="bbox 520 2748 2718 2807">
    <p class='ocr_par' dir='ltr' id='par_1_9' title="bbox 520 2748 2718 2807">
     <span class='ocr_line' id='line_1_35' title="bbox 520 2748 2718 2807; baseline 0 -17"><span class='ocrx_word' id='word_1_424' title='bbox 520 2756 552 2801; x_wconf 79' lang='lat'>³)</span> <span class='ocrx_word' id='word_1_425' title='bbox 577 2755 801 2790; x_wconf 83' lang='lat' dir='ltr'>Mercurialis</span> <span class='ocrx_word' id='word_1_426' title='bbox 834 2756 878 2789; x_wconf 84' lang='lat' dir='ltr'>do</span> <span class='ocrx_word' id='word_1_427' title='bbox 909 2758 982 2789; x_wconf 66' lang='lat' dir='ltr'>arte</span> <span class='ocrx_word' id='word_1_428' title='bbox 1016 2767 1137 2800; x_wconf 82' lang='lat' dir='ltr'>gyum.</span> <span class='ocrx_word' id='word_1_429' title='bbox 1163 2756 1211 2798; x_wconf 90' lang='grc' dir='ltr'>Π,</span> <span class='ocrx_word' id='word_1_430' title='bbox 1236 2767 1311 2799; x_wconf 85' lang='lat' dir='ltr'>cap.</span> <span class='ocrx_word' id='word_1_431' title='bbox 1338 2755 1400 2798; x_wconf 74' lang='lat' dir='ltr'>IV,</span> <span class='ocrx_word' id='word_1_432' title='bbox 1430 2766 1462 2798; x_wconf 88' lang='lat' dir='ltr'>p.</span> <span class='ocrx_word' id='word_1_433' title='bbox 1490 2757 1557 2791; x_wconf 82' lang='lat'>120</span> <span class='ocrx_word' id='word_1_434' title='bbox 1582 2765 1633 2797; x_wconf 87' lang='lat' dir='ltr'>sq.</span> <span class='ocrx_word' id='word_1_435' title='bbox 1692 2754 1838 2788; x_wconf 84' lang='lat' dir='ltr'>Burette</span> <span class='ocrx_word' id='word_1_436' title='bbox 1872 2754 1909 2787; x_wconf 89' lang='lat' dir='ltr'>in</span> <span class='ocrx_word' id='word_1_437' title='bbox 1935 2754 2003 2788; x_wconf 77' lang='lat' dir='ltr'>Les</span> <span class='ocrx_word' id='word_1_438' title='bbox 2036 2753 2226 2789; x_wconf 65' lang='lat' dir='ltr'>Memoires</span> <span class='ocrx_word' id='word_1_439' title='bbox 2259 2756 2302 2789; x_wconf 88' lang='lat' dir='ltr'>de</span> <span class='ocrx_word' id='word_1_440' title='bbox 2337 2748 2556 2790; x_wconf 60' lang='lat' dir='ltr'>l’Ac&#39;ademie</span> <span class='ocrx_word' id='word_1_441' title='bbox 2580 2757 2672 2790; x_wconf 74' lang='lat' dir='ltr'>fiun-</span> <span class='ocrx_word' id='word_1_442' title='bbox 2714 2801 2718 2807; x_wconf 36' lang='grc' dir='ltr'>Ι</span> 
     </span>
    </p>
   </div>
   <div class='ocr_carea' id='block_1_6' title="bbox 312 2811 2674 3260">
    <p class='ocr_par' dir='ltr' id='par_1_10' title="bbox 312 2811 2674 2974">
     <span class='ocr_line' id='line_1_36' title="bbox 312 2811 2673 2858; baseline -0.001 -8"><span class='ocrx_word' id='word_1_443' title='bbox 312 2814 410 2858; x_wconf 78' lang='lat' dir='ltr'>caise</span> <span class='ocrx_word' id='word_1_444' title='bbox 433 2815 518 2850; x_wconf 83' lang='lat' dir='ltr'>tom.</span> <span class='ocrx_word' id='word_1_445' title='bbox 544 2812 570 2856; x_wconf 92' lang='lat' dir='ltr'>I,</span> <span class='ocrx_word' id='word_1_446' title='bbox 597 2824 630 2858; x_wconf 92' lang='lat' dir='ltr'>p.</span> <span class='ocrx_word' id='word_1_447' title='bbox 658 2816 735 2851; x_wconf 83' lang='lat'>166.</span> <span class='ocrx_word' id='word_1_448' title='bbox 784 2811 1002 2857; x_wconf 74' lang='lat' dir='ltr'>Sabbathier,</span> <span class='ocrx_word' id='word_1_449' title='bbox 1028 2814 1091 2858; x_wconf 86' lang='lat' dir='ltr'>qui</span> <span class='ocrx_word' id='word_1_450' title='bbox 1116 2813 1319 2849; x_wconf 86' lang='lat' dir='ltr'>Burettium</span> <span class='ocrx_word' id='word_1_451' title='bbox 1343 2813 1385 2848; x_wconf 84' lang='lat' dir='ltr'>ad</span> <span class='ocrx_word' id='word_1_452' title='bbox 1413 2811 1563 2847; x_wconf 80' lang='lat' dir='ltr'>verbum</span> <span class='ocrx_word' id='word_1_453' title='bbox 1585 2811 1790 2855; x_wconf 83' lang='lat' dir='ltr'>exscripsit,</span> <span class='ocrx_word' id='word_1_454' title='bbox 1816 2811 1884 2846; x_wconf 90' lang='lat' dir='ltr'>Les</span> <span class='ocrx_word' id='word_1_455' title='bbox 1908 2812 2089 2846; x_wconf 75' lang='lat' dir='ltr'>exer-uices</span> <span class='ocrx_word' id='word_1_456' title='bbox 2114 2812 2163 2847; x_wconf 90' lang='lat' dir='ltr'>du</span> <span class='ocrx_word' id='word_1_457' title='bbox 2188 2823 2290 2857; x_wconf 87' lang='lat' dir='ltr'>corps</span> <span class='ocrx_word' id='word_1_458' title='bbox 2327 2813 2413 2847; x_wconf 89' lang='lat' dir='ltr'>ehez</span> <span class='ocrx_word' id='word_1_459' title='bbox 2438 2812 2491 2848; x_wconf 88' lang='lat' dir='ltr'>les</span> <span class='ocrx_word' id='word_1_460' title='bbox 2516 2814 2673 2849; x_wconf 81' lang='lat' dir='ltr'>Anciens</span> 
     </span>
     <span class='ocr_line' id='line_1_37' title="bbox 312 2867 2674 2916; baseline -0.001 -9"><span class='ocrx_word' id='word_1_461' title='bbox 312 2873 398 2907; x_wconf 91' lang='lat' dir='ltr'>tom.</span> <span class='ocrx_word' id='word_1_462' title='bbox 423 2871 452 2916; x_wconf 94' lang='grc' dir='ltr'>Ι,</span> <span class='ocrx_word' id='word_1_463' title='bbox 477 2882 511 2916; x_wconf 88' lang='lat' dir='ltr'>p.</span> <span class='ocrx_word' id='word_1_464' title='bbox 539 2874 622 2909; x_wconf 84' lang='lat'>112:</span> <span class='ocrx_word' id='word_1_465' title='bbox 660 2870 907 2916; x_wconf 85' lang='lat' dir='ltr'>L&#39;harpaston]</span> <span class='ocrx_word' id='word_1_466' title='bbox 944 2871 1119 2913; x_wconf 78' lang='lat' dir='ltr'>„reeevait</span> <span class='ocrx_word' id='word_1_467' title='bbox 1155 2870 1334 2916; x_wconf 81' lang='lat' dir='ltr'>plusieurs</span> <span class='ocrx_word' id='word_1_468' title='bbox 1366 2879 1487 2911; x_wconf 78' lang='lat' dir='ltr'>noms;</span> <span class='ocrx_word' id='word_1_469' title='bbox 1528 2880 1572 2903; x_wconf 91' lang='lat' dir='ltr'>on</span> <span class='ocrx_word' id='word_1_470' title='bbox 1607 2867 1783 2913; x_wconf 81' lang='lat' dir='ltr'>l‘appelait</span> <span class='ocrx_word' id='word_1_471' title='bbox 1819 2867 2011 2913; x_wconf 72' lang='lat' dir='ltr'>Episcyros</span> <span class='ocrx_word' id='word_1_472' title='bbox 2049 2868 2249 2914; x_wconf 79' lang='lat' dir='ltr'>phaeuindu</span> <span class='ocrx_word' id='word_1_473' title='bbox 2281 2869 2462 2914; x_wconf 85' lang='lat' dir='ltr'>phennidu</span> <span class='ocrx_word' id='word_1_474' title='bbox 2496 2869 2674 2915; x_wconf 82' lang='lat' dir='ltr'>pheninda</span> 
     </span>
     <span class='ocr_line' id='line_1_38' title="bbox 312 2928 599 2974; baseline -0.003 -10"><span class='ocrx_word' id='word_1_475' title='bbox 312 2931 352 2964; x_wconf 85' lang='lat' dir='ltr'>et</span> <span class='ocrx_word' id='word_1_476' title='bbox 374 2928 599 2974; x_wconf 77' lang='lat' dir='ltr'>ephctinda“.</span> 
     </span>
    </p>

    <p class='ocr_par' dir='ltr' id='par_1_11' title="bbox 522 2986 946 3031">
     <span class='ocr_line' id='line_1_39' title="bbox 522 2986 946 3031; baseline 0 -9"><span class='ocrx_word' id='word_1_477' title='bbox 522 2986 552 3031; x_wconf 65' lang='grc'>4)</span> <span class='ocrx_word' id='word_1_478' title='bbox 578 2986 758 3022; x_wconf 87' lang='lat' dir='ltr'>Onomast.</span> <span class='ocrx_word' id='word_1_479' title='bbox 784 2987 850 3030; x_wconf 87' lang='lat' dir='ltr'>IX,</span> <span class='ocrx_word' id='word_1_480' title='bbox 868 2990 946 3026; x_wconf 84' lang='lat'>104.</span> 
     </span>
    </p>

    <p class='ocr_par' dir='ltr' id='par_1_12' title="bbox 522 3043 1295 3090">
     <span class='ocr_line' id='line_1_40' title="bbox 522 3043 1295 3090; baseline 0.004 -12"><span class='ocrx_word' id='word_1_481' title='bbox 522 3043 554 3090; x_wconf 80' lang='lat'>⁶)</span> <span class='ocrx_word' id='word_1_482' title='bbox 580 3045 714 3079; x_wconf 85' lang='lat' dir='ltr'>Comm.</span> <span class='ocrx_word' id='word_1_483' title='bbox 738 3044 783 3079; x_wconf 87' lang='lat' dir='ltr'>ad</span> <span class='ocrx_word' id='word_1_484' title='bbox 808 3043 873 3080; x_wconf 91' lang='lat' dir='ltr'>Od.</span> <span class='ocrx_word' id='word_1_485' title='bbox 898 3045 922 3080; x_wconf 77' lang='grc' dir='ltr'><strong>θ</strong></span> <span class='ocrx_word' id='word_1_486' title='bbox 946 3047 1025 3086; x_wconf 84' lang='grc'>376,</span> <span class='ocrx_word' id='word_1_487' title='bbox 1052 3055 1084 3089; x_wconf 89' lang='lat' dir='ltr'>p.</span> <span class='ocrx_word' id='word_1_488' title='bbox 1114 3046 1213 3086; x_wconf 83' lang='lat'>1601,</span> <span class='ocrx_word' id='word_1_489' title='bbox 1238 3047 1295 3081; x_wconf 84' lang='lat'>30.</span> 
     </span>
    </p>

    <p class='ocr_par' dir='ltr' id='par_1_13' title="bbox 521 3097 2672 3148">
     <span class='ocr_line' id='line_1_41' title="bbox 521 3097 2672 3148; baseline -0.001 -11"><span class='ocrx_word' id='word_1_490' title='bbox 521 3102 553 3146; x_wconf 55' lang='grc' dir='ltr'>θ)</span> <span class='ocrx_word' id='word_1_491' title='bbox 578 3102 628 3137; x_wconf 79' lang='lat' dir='ltr'>Cf.</span> <span class='ocrx_word' id='word_1_492' title='bbox 650 3101 725 3137; x_wconf 79' lang='lat' dir='ltr'>Gal.</span> <span class='ocrx_word' id='word_1_493' title='bbox 750 3102 794 3137; x_wconf 84' lang='lat' dir='ltr'>de</span> <span class='ocrx_word' id='word_1_494' title='bbox 819 3113 852 3146; x_wconf 92' lang='lat' dir='ltr'>p.</span> <span class='ocrx_word' id='word_1_495' title='bbox 867 3113 900 3146; x_wconf 93' lang='lat' dir='ltr'>p.</span> <span class='ocrx_word' id='word_1_496' title='bbox 914 3113 992 3146; x_wconf 75' lang='lat' dir='ltr'>pag.</span> <span class='ocrx_word' id='word_1_497' title='bbox 1006 3104 1075 3139; x_wconf 85' lang='lat'>908</span> <span class='ocrx_word' id='word_1_498' title='bbox 1087 3103 1176 3136; x_wconf 81' lang='lat' dir='ltr'>extr.</span> <span class='ocrx_word' id='word_1_499' title='bbox 1190 3101 1274 3135; x_wconf 74' lang='lat' dir='ltr'>edit.</span> <span class='ocrx_word' id='word_1_500' title='bbox 1289 3102 1397 3135; x_wconf 78' lang='lat' dir='ltr'>nostr.</span> <span class='ocrx_word' id='word_1_501' title='bbox 1412 3103 1513 3143; x_wconf 79' lang='lat'>7,1(5.</span> <span class='ocrx_word' id='word_1_502' title='bbox 1540 3099 1578 3134; x_wconf 81' lang='grc' dir='ltr'>τὸ</span> <span class='ocrx_word' id='word_1_503' title='bbox 1603 3103 1664 3146; x_wconf 78' lang='grc' dir='ltr'>μὲν</span> <span class='ocrx_word' id='word_1_504' title='bbox 1690 3100 1752 3148; x_wconf 74' lang='grc' dir='ltr'>γὰρ</span> <span class='ocrx_word' id='word_1_505' title='bbox 1778 3102 1826 3135; x_wconf 76' lang='grc' dir='ltr'>ἐκ</span> <span class='ocrx_word' id='word_1_506' title='bbox 1851 3098 2160 3146; x_wconf 64' lang='grc' dir='ltr'>διαστήματος</span> <span class='ocrx_word' id='word_1_507' title='bbox 2184 3099 2346 3134; x_wconf 76' lang='grc' dir='ltr'>ἱκανοῦ</span> <span class='ocrx_word' id='word_1_508' title='bbox 2372 3100 2488 3146; x_wconf 81' lang='grc' dir='ltr'>βαλεῖν</span> <span class='ocrx_word' id='word_1_509' title='bbox 2515 3097 2672 3139; x_wconf 66' lang='grc' dir='ltr'>εὐτόνως.</span> 
     </span>
    </p>

    <p class='ocr_par' dir='ltr' id='par_1_14' title="bbox 522 3158 902 3203">
     <span class='ocr_line' id='line_1_42' title="bbox 522 3158 902 3203; baseline 0 -11"><span class='ocrx_word' id='word_1_510' title='bbox 522 3159 554 3203; x_wconf 75' lang='lat'>⁷)</span> <span class='ocrx_word' id='word_1_511' title='bbox 578 3158 618 3192; x_wconf 94' lang='lat' dir='ltr'>L.</span> <span class='ocrx_word' id='word_1_512' title='bbox 643 3158 739 3203; x_wconf 86' lang='lat' dir='ltr'>Beeq</span> <span class='ocrx_word' id='word_1_513' title='bbox 764 3170 797 3203; x_wconf 88' lang='lat' dir='ltr'>p.</span> <span class='ocrx_word' id='word_1_514' title='bbox 825 3161 902 3196; x_wconf 84' lang='lat'>186.</span> 
     </span>
    </p>

    <p class='ocr_par' dir='ltr' id='par_1_15' title="bbox 523 3214 932 3260">
     <span class='ocr_line' id='line_1_43' title="bbox 523 3214 932 3260; baseline 0 -10"><span class='ocrx_word' id='word_1_515' title='bbox 523 3217 551 3259; x_wconf 86' lang='lat'>⁸)</span> <span class='ocrx_word' id='word_1_516' title='bbox 576 3214 664 3251; x_wconf 87' lang='lat' dir='ltr'>ibid.</span> <span class='ocrx_word' id='word_1_517' title='bbox 690 3228 723 3260; x_wconf 87' lang='lat' dir='ltr'>p.</span> <span class='ocrx_word' id='word_1_518' title='bbox 751 3219 817 3254; x_wconf 89' lang='lat'>188</span> <span class='ocrx_word' id='word_1_519' title='bbox 842 3218 932 3251; x_wconf 81' lang='lat' dir='ltr'>extr.</span> 
     </span>
    </p>
   </div>
   <div class='ocr_carea' id='block_1_7' title="bbox 2869 0 2975 70">
    <p class='ocr_par' dir='ltr' id='par_1_16' title="bbox 2869 0 2975 70">
     <span class='ocr_line' id='line_1_44' title="bbox 2869 0 2924 16; baseline -0.018 -2"><span class='ocrx_word' id='word_1_520' title='bbox 2869 0 2924 16; x_wconf 54' lang='lat' dir='ltr'>*TN-</span> 
     </span>
     <span class='ocr_line' id='line_1_45' title="bbox 2893 0 2975 54; baseline 0 -12"><span class='ocrx_word' id='word_1_521' title='bbox 2893 0 2975 54; x_wconf 52' lang='lat'>&lt;2333</span> 
     </span>
     <span class='ocr_line' id='line_1_46' title="bbox 2908 42 2975 70; baseline 0.015 -1"><span class='ocrx_word' id='word_1_522' title='bbox 2908 45 2912 52; x_wconf 94' lang='lat'>&#39;</span> <span class='ocrx_word' id='word_1_523' title='bbox 2920 42 2975 70; x_wconf 33' lang='lat' dir='ltr'>“aad</span> 
     </span>
    </p>
   </div>
  </div>
 </body>
</html>
