2975 3963
1071 474 1757 540 Adnotationes

452 605 520 650 Ad
548 614 645 659 pag.
676 601 722 647 3.
763 602 835 657 (K.
868 601 984 657 899).
1040 602 1282 646 Articulum
1311 602 1355 645 in
1386 601 1658 655 inscriptione
1689 602 1957 646 inserendum
1988 615 2079 646 esse
2110 604 2279 656 praeter
2309 602 2472 645 codices
2503 601 2585 644 LM

247 678 484 734 complures
514 670 806 715 comment-arii
835 670 968 725 ipsius
1000 670 1152 712 docent
1181 671 1284 713 loci:
1315 681 1411 725 pag.
1444 667 1486 720 3,
1503 671 1542 714 3.
1573 669 1618 722 4,
1636 670 1705 713 21.
1739 670 1782 720 6,
1799 671 1868 714 23.
1902 671 2026 721 2312.
2058 670 2129 722 18,
2149 672 2215 715 16.

453 743 567 785 linea
599 741 636 782 1.
697 738 754 786 ὡς
791 738 889 796 χρὴ
931 737 1105 780 σιτίων
1143 738 1390 795 ἡγεῖ-σθαι
1429 737 1578 793 αὐτοί]
1643 740 1706 782 De
1747 740 1826 783 hac
1862 752 1906 782 re
1944 740 2038 783 vide
2070 739 2281 783 Galennm
2312 739 2371 782 VI
2410 752 2450 793 p.
2484 738 2585 781 131:

248 814 337 860 ἀλλ’
369 812 396 870 ἡ
436 808 533 854 καθ’
569 807 736 863 ἑκάστην
773 806 921 864 ἡμέραν
962 810 1077 864 πεῖρα
1113 806 1179 849 καὶ
1217 806 1348 863 μνήμη
1386 811 1455 849 τοῦ
1494 812 1617 850 ποσοῦ
1656 812 1731 850 τῶν
1762 807 1890 851 σιτίων
1919 825 1962 850 τε
1992 807 2057 850 καὶ
2087 808 2317 865 γυμνασίων,
2348 807 2433 851 οὐδ’
2465 807 2588 865 ἀργῶς

248 885 411 942 ὁρῶντος
447 883 516 923 τοῦ
545 881 792 935 προεστῶτος,
823 875 913 920 ἀλλ’
948 875 1011 919 ἀεὶ
1042 876 1296 933 μεμνημένου,
1327 874 1434 924 ὅπως
1465 876 1605 934 ἔπεψεν
1645 877 1727 920 ἐπὶ
1763 881 2005 920 τοσοῖσδε
2043 877 2335 932 γυμνασίοις
2370 878 2418 920 τὰ
2448 877 2589 920 τοσάδε

249 950 361 1006 σιτία,
400 947 561 1006 πλησίον
592 945 772 1005 ἀκριβοῦς
804 945 1016 1003 ἐπιστήμης
1053 941 1140 1002 ἄγει
1178 945 1247 1002 τήν
1285 945 1488 1002 διάγνωσιν
1517 948 1557 990 ἐν
1578 950 1633 1004 τῷ
1665 947 1807 1005 χρόνῳ.
1838 973 1892 978 -
1923 948 2030 992 Ibid.
2062 962 2102 1001 p.
2137 948 2218 991 135
2248 945 2402 991 ἅπαντα
2431 947 2506 1004 γὰρ
2541 947 2587 989 τὰ

247 1026 405 1067 τοιαῦτα
434 1016 626 1075 γυμνάσια
655 1014 845 1072 γίγνονται
875 1015 971 1072 μήτε
1001 1014 1055 1058 δι’
1090 1013 1182 1071 ὅλης
1212 1015 1359 1073 ἡμέρας
1391 1014 1490 1058 αὐτοὶ
1519 1017 1772 1074 πραττόντων,
1804 1016 1897 1073 μήτ’
1933 1019 1982 1060 ἐν
2021 1015 2155 1073 ἄλλῳ
2195 1021 2356 1074 καιρῷ
2379 1020 2467 1060 τοῦ
2496 1018 2587 1073 πρὸ

248 1097 336 1136 τῶν
367 1087 541 1134 σιτίων.
2441 1078 2451 1101 ⁸

454 1157 529 1200 lin.
560 1156 601 1199 5.
661 1155 747 1210 τὴν
778 1155 959 1197 ἑαυτοῦ
988 1154 1197 1211 τέχνην]
1256 1151 1444 1204 Constat,
1491 1157 1536 1198 ut
1580 1155 1622 1198 in
1670 1155 1910 1199 Observatt.
1957 1156 2069 1198 critt.
2111 1168 2151 1209 p.
2179 1155 2247 1198 24.
2292 1155 2589 1205 demonstravi,

250 1231 377 1274 etiam
409 1226 619 1270 Galenum
660 1236 818 1266 morem
860 1224 1100 1266 Atticorum
1138 1224 1329 1266 secutum
1372 1223 1615 1277 saepissime
1655 1236 1730 1279 pro
1761 1224 2009 1280 pronomine
2040 1224 2250 1274 reflexivo,
2290 1224 2400 1278 qnod
2431 1223 2589 1273 dicunt,

253 1298 458 1343 secundae
487 1305 689 1348 personae
720 1294 890 1335 tertiam
921 1305 1158 1346 usurpasse.
1210 1292 1423 1346 Exemplis
1454 1293 1543 1335 illic
1573 1294 1716 1335 allatis
1748 1293 1987 1335 addendum
2015 1298 2078 1336 est
2110 1294 2130 1336 1
2160 1305 2256 1348 pag.
2287 1294 2384 1336 225.
2416 1317 2470 1323 -
2502 1289 2584 1335 οὔτ’

250 1367 370 1411 ὀκνεῖν
400 1364 467 1420 τὴν
498 1362 601 1412 ὁδόν,
632 1359 715 1403 οὔτ’
751 1363 799 1403 ἐπ
814 1361 964 1418 τρέπειν
996 1362 1163 1417 ἐαυτῷ
1189 1359 1296 1417 μόνῳ
1327 1360 1425 1415 (tibi
1456 1362 1552 1412 soli)
1583 1361 1652 1418 τήν
1683 1359 1851 1418 πορείαν.

456 1433 636 1475 ibidem:
669 1431 847 1478 ἱκανῶς
879 1432 1120 1487 εἰρῆσθαι
1151 1427 1239 1485 [ἂν]
1272 1429 1467 1485 δόξειε]
1528 1432 1687 1473 Locum
1717 1435 1957 1486 corruptum
1989 1444 2093 1482 esse,
2125 1432 2265 1474 Editio
2283 1431 2443 1473 Aldina
2467 1431 2589 1473 testis

253 1509 330 1554 est,
361 1515 465 1557 quae
497 1505 593 1555 post
621 1500 861 1555 γενησόμενα
892 1501 1140 1542 asteriscum
1170 1499 1310 1541 habet.

455 1572 515 1613 At
545 1570 686 1611 omnia
718 1570 822 1610 bene
854 1581 944 1610 sese
982 1568 1150 1618 habent,
1182 1568 1321 1609 verbis
1360 1567 1497 1614 ἱκανῶς
1527 1568 1708 1623 εἰρῆσθαι
1744 1566 1790 1609 ἂν
1822 1568 1943 1615 δόξειε
1985 1569 2165 1617 omissis,
2204 1581 2310 1622 quae
2349 1569 2401 1609 ab
2441 1569 2590 1609 eodem

251 1641 421 1686 librario
462 1639 581 1682 olim·
605 1638 788 1693 margini
825 1637 1037 1691 adscripta
1076 1637 1284 1688 videntur,
1339 1637 1457 1680 cuius
1498 1650 1671 1680 manum
1708 1640 1833 1691 atque
1874 1638 2088 1691 ingenium
2129 1637 2416 1691 compluribus
2454 1638 2590 1679 nostri

255 1708 545 1754 commentarii
583 1707 689 1750 locis
724 1707 1091 1762 reprehendimus:
1135 1707 1251 1749 velut
1281 1718 1378 1761 pag.
1402 1706 1529 1757 4,15.
1557 1705 1623 1762 [ὡς
1655 1704 1832 1763 εἴρηται],
1862 1719 1959 1762 pag.
1987 1706 2027 1758 7,
2045 1707 2084 1749 8.
2111 1706 2353 1762 [τηνικαῦτα·
2383 1706 2590 1763 χρῆσθαι],

251 1792 346 1835 pag.
378 1778 506 1827 5,13.
537 1777 629 1831 [τοῖς
660 1775 901 1833 ἡσύχάζουσι
930 1776 993 1817 τὸν
1033 1775 1171 1832 χρόνον
1207 1779 1284 1817 τῶν
1325 1775 1593 1831 ἐνεργούντων]
1636 1779 1679 1818 et
1716 1776 1861 1829 paullo
1891 1776 2002 1818 infra
2032 1776 2106 1818 lin.
2130 1776 2192 1818 17.
2232 1777 2472 1817 διακωλῦσαι
2510 1775 2590 1830 [τὸν

251 1848 365 1904 μέσον
395 1843 421 1902 ἢ
453 1844 569 1887 αὐτὸν
601 1843 828 1901 ὑφαρπάσαι
857 1842 883 1900 ἦ
916 1842 1034 1899 [ὅστις
1065 1842 1127 1899 ἄν]
1159 1845 1199 1886 ἐν
1228 1843 1353 1900 τούτῳ
1383 1843 1624 1899 κατασταίη]

454 1915 529 1956 lin.
560 1914 625 1956 10.
658 1914 729 1966 (K.
756 1914 872 1967 900).
934 1912 1171 1954 ἑάλωσαν
1210 1911 1540 1968 ἀνιαθέντες]
1587 1914 1640 1956 cf.
1676 1914 1778 1956 VIII
1809 1927 1848 1966 p.
1881 1913 1980 1955 301.
2021 1911 2085 1954 καὶ
2125 1913 2198 1968 μὴν
2237 1911 2301 1954 καὶ
2331 1911 2426 1954 καθ’
2462 1912 2591 1969 ἕτερόν

247 2001 329 2027 τινα
364 1982 513 2040 τρόπον,
562 1980 625 2024 ἐπί
662 1999 704 2024 τε
745 1985 997 2039 στομαχικαῖς
1038 1984 1255 2038 συγκοπαῖς,
1304 1981 1519 2038 ἀλγήμασίν
1556 1999 1598 2024 τε
1644 1984 1821 2039 σφοδροῖς
1862 1980 1927 2024 καὶ
1968 1982 2144 2038 φόβοις
2185 1983 2442 2039 ἰσχυροῖς.·
2471 1981 2591 2037 ἡδο-

248 2055 352 2099 ναῖς
382 2068 430 2093 τε
475 2050 741 2107 μεγίσταις
787 2049 1165 2106 ἀποθνήσκουσί
1210 2067 1324 2100 τινες,
1370 2052 1470 2093 ibid.
1512 2065 1551 2104 p.
1579 2052 1677 2093 302.
1723 2055 1797 2092 τῶν
1842 2051 2025 2092 τοιούτων
2071 2051 2162 2092 ἔνιοι
2207 2049 2271 2092 καὶ
2316 2050 2379 2092 διὰ
2427 2050 2590 2103 λύπην

249 2121 523 2165 ἀπέθανον

453 2189 629 2231 ibidem:
661 2187 765 2230 οὐδ’
801 2187 909 2230 ἔστι
940 2187 976 2230 δ’
998 2186 1174 2243 οὐδὲν]
1221 2188 1337 2231 Haec
1354 2188 1508 2231 codicis
1527 2187 1649 2232 Laur.
1683 2188 1889 2242 scriptura
1919 2189 2111 2232 firmatur
2141 2188 2244 2232 locis
2276 2187 2451 2238 duobuS,
2483 2201 2587 2241 quos

250 2260 360 2313 apud
398 2258 491 2301 Gal.
518 2258 594 2308 ΙΙΙ,
638 2270 733 2312 pag.
765 2258 864 2300 423.
911 2258 1098 2299 invenies
1136 2256 1223 2299 οὐδ’
1259 2255 1357 2300 ἐστὶν
1399 2255 1521 2314 εὑρεῖν
1558 2255 1671 2299 οὐδὲν
1715 2261 1809 2314 ζῷον
1854 2262 1895 2301 et
1934 2259 2076 2312 paullo
2114 2258 2223 2300 infra
2262 2256 2353 2299 οὐδὲ
2392 2257 2465 2313 γὰρ
2496 2255 2583 2300 οὐδ’

251 2325 374 2368 ἄλλου
404 2327 502 2372 τινὸς
533 2326 722 2382 ἐφήψατο.

454 2408 550 2448 pag.
576 2395 620 2445 4,
636 2396 676 2438 5.
710 2394 753 2437 θ’
775 2393 905 2449 ἅμα]
966 2396 1201 2436 Praeeunte
1218 2395 1517 2446 Hehnreichio,
1548 2396 1620 2449 qui
1651 2408 1748 2437 cum
1779 2397 1821 2437 in
1838 2398 1917 2438 hoc
1935 2396 2094 2446 libello,
2127 2399 2217 2437 tum
2249 2396 2290 2437 in
2309 2395 2493 2437 editione
2511 2406 2588 2437 sua

252 2464 402 2507 Galcni
443 2466 735 2507 commentarii
775 2466 837 2506 De
879 2465 1098 2506 elementis
1144 2477 1192 2505 ex
1234 2464 1504 2516 Hippocratis
1546 2466 1757 2505 sententia
1787 2477 1861 2519 pro
1902 2480 1943 2505 τε
1973 2463 2055 2519 ἅμα
2097 2465 2262 2517 scripsit
2301 2463 2346 2505 θ’
2381 2462 2476 2518 ἅμα,
2509 2475 2587 2517 ego

251 2545 412 2586 quoque
458 2532 500 2575 θ’
535 2531 618 2588 ἅμα
656 2533 844 2581 restitui,
905 2533 1013 2586 quod
1065 2534 1176 2574 idem
1223 2532 1333 2586 apud
1371 2532 1615 2574 Kuehnium
1654 2533 1769 2575 hisce
1809 2534 1914 2575 locis
1961 2535 2163 2587 scriptum
2201 2534 2364 2574 inveni:
2410 2534 2486 2583 ΙΙΙ,
2517 2533 2589 2575 96.

254 2601 346 2644 195.
380 2601 475 2645 198.
506 2602 606 2646 292.
638 2601 722 2644 295
767 2602 865 2645 415.
895 2601 993 2644 430.
1025 2601 1122 2645 438.
1154 2601 1251 2644 459.
1312 2601 1428 2649 VIII.
1459 2601 1558 2644 573.

455 2671 529 2714 lin.
563 2671 602 2715 7.
648 2671 721 2725 (K.
753 2671 871 2724 901).
931 2667 1046 2713 οὔτε
1083 2675 1172 2713 τῶν
1212 2671 1296 2718 τὰς
1332 2670 1514 2728 τέχνας
1545 2670 1929 2727 ἐργαζομένων]
1990 2671 2080 2724 Quo
2112 2683 2160 2712 ex
2193 2671 2284 2713 loco
2317 2672 2589 2726 corrigendus

251 2741 315 2779 est
345 2738 438 2781 Gal.
470 2740 520 2790 V,
551 2752 647 2794 pag.
678 2741 747 2791 93,
779 2741 806 2782 2
835 2739 942 2796 (περὶ
973 2744 1099 2797 ψυχῆς
1130 2739 1457 2796 ἁμαρτημάτων)ε
1497 2736 1592 2781 ἷκον
1631 2738 1675 2781 δὲ
1706 2738 1772 2781 καὶ
1813 2736 1925 2781 ἄλλοι
1964 2739 2059 2786 τινὲς
2088 2743 2162 2780 τῶν
2193 2738 2412 2794 φιλολόγων
2443 2739 2591 2797 ἀνδρῶν

249 2803 315 2847 καὶ
350 2808 668 2863 πεπαιδευμένων
708 2810 747 2850 ἐν
786 2811 863 2856 τοῖς
905 2808 1142 2865 μαθήμασιν,
1188 2807 1309 2851 αὐτὸ
1355 2807 1408 2850 δὲ
1439 2807 1574 2865 ἔχειν
1620 2808 1888 2865 ἐργαζομένων
1928 2806 1980 2849 δι’
2011 2806 2190 2864 εὐπορίαν
2232 2806 2451 2863 κτημάτων,
2499 2806 2590 2852 οὔτε

250 2874 509 2917 δουλευόντων
540 2877 687 2933 αἱρέσει
716 2877 786 2919 τινί
817 2879 889 2920 ubi
929 2891 1003 2932 pro
1043 2877 1136 2920 αὐτὸ
1178 2877 1221 2920 δὲ
1253 2878 1357 2935 ἔχειν
1388 2879 1464 2934 ἐργ.
1495 2878 1762 2920 scribendum
1793 2881 1857 2920 est
1886 2875 1973 2919 οὔτε
2003 2877 2140 2934 τέχνην
2172 2876 2440 2932 ἐργαζομένων
2471 2880 2589 2921 velut

254 2943 382 2986 etiam
412 2944 446 2995 Ι,
476 2958 572 3001 pag.
607 2947 651 2996 ’ῖς
683 2947 743 2989 ita
774 2950 822 2989 ut
853 2948 1037 2990 alterum
1067 2944 1157 2989 οὔτε
1187 2948 1310 2990 alteri
1341 2947 1603 3000 respondeat.

455 3012 530 3056 lin.
564 3015 630 3058 14.
707 3013 886 3072 ἀργίας
937 3015 1020 3058 τὸν
1067 3005 1247 3072 καιρὸν
1302 3013 1670 3072 ἐπιτηρούσης]
1760 3013 1887 3058 Codd.
1934 3016 1975 3057 et
2019 3013 2147 3057 Editt.
2194 3026 2340 3057 omnes
2395 3014 2593 3059 exhibent

251 3080 582 3135 dittographiam
619 3082 755 3141 ἀργίας
792 3087 948 3142 σχολῆς.
1008 3085 1130 3127 Hanc
1160 3097 1258 3128 vero
1299 3084 1549 3139 scripturam
1593 3095 1738 3127 veram
1775 3095 1858 3126 non
1898 3095 1988 3126 esse
2032 3095 2128 3125 cum
2169 3086 2284 3126 recte
2322 3083 2593 3140 intellegeret

251 3149 405 3190 codicis
435 3150 708 3199 Laurentiani
739 3155 928 3208 scriptor,
961 3166 1107 3196 vocem
1137 3152 1273 3210 ἀργίας
1304 3154 1444 3205 erasit,
1475 3164 1600 3207 quam
1630 3153 1876 3196 Helmreich
1908 3164 2003 3194 eum
2045 3154 2216 3195 secutus
2258 3153 2378 3196 uncis
2409 3153 2591 3197 circum-

251 3217 395 3270 sepsit.
441 3218 500 3260 At
531 3220 684 3274 siquid
706 3223 841 3273 video,
872 3235 955 3264 non
986 3221 1123 3279 ἀργίας
1154 3224 1228 3264 sed
1258 3225 1403 3280 σχολῆς
1433 3222 1754 3276 expungendum
1785 3224 1887 3263 erat.
1934 3221 2094 3263 Notum
2126 3222 2240 3264 enim
2272 3225 2350 3271 est,
2381 3221 2592 3274 librarios,

250 3285 287 3328 si
317 3296 444 3340 quam
475 3300 622 3332 vocem
652 3291 789 3334 rarius
820 3292 1022 3335 usitatam
1052 3304 1136 3334 non
1167 3292 1478 3347 intellegerent,
1508 3291 1560 3333 ad
1591 3302 1683 3333 eam
1715 3290 2006 3344 explicandam
2036 3291 2304 3334 usitatiorem
2344 3291 2412 3334 illi
2442 3292 2591 3346 appin-

2294 3373 2315 3408 2
