2975 3963
1498 120 1579 189 '16

581 287 739 331 Eorum
769 297 882 337 vero,
912 285 986 341 qui
1015 285 1160 328 nostra
1189 285 1329 327 aetate
1362 284 1413 327 de
1442 283 1656 340 pheninda
1682 284 1784 328 ludo
1807 287 2064 330 sententiam
2087 287 2294 340 dixerunt,
2325 286 2514 331 omnium
2542 290 2724 336 maxime

374 364 552 409 meritus
583 365 649 407 est
678 361 744 406 vir
772 360 1045 405 doctissimus
1074 358 1383 415 Francogallus
1413 359 1462 403 L.
1492 359 1607 415 Becq
1637 359 1689 402 de
1718 360 1991 416 Fouquieres,
2021 362 2177 418 quippe
2207 375 2305 406 cum
2333 363 2511 418 primus,
2540 367 2724 418 quanto-

371 452 471 496 pere
500 439 592 483 ludi
621 438 734 481 alter
761 436 816 480 ab
847 435 982 479 altero
1014 434 1224 486 differant,
1255 434 1422 478 disertis
1445 433 1586 478 verbis
1617 435 1983 479 demonstraverit.
2029 435 2114 479 Suo
2145 437 2278 491 igitur
2302 437 2413 492 jure,
2443 441 2560 493 puto,
2590 437 2723 496 inter-

372 516 497 570 rogat
515 515 549 569 ¹)
579 511 693 566 „Gur
721 511 895 555 tandem
925 510 1033 553 alter
1063 509 1248 553 alterum
1278 508 1574 563 decipiebat?“
1635 508 1862 562 Nimirum,
1901 510 2052 565 inquit,
2092 512 2258 555 nullam
2289 512 2342 555 ob
2374 512 2502 556 aliam
2535 526 2722 565 causam,

371 589 455 632 nisi
484 589 585 644 quia
614 586 825 643 sperabat,
855 586 936 629 hoc
965 584 1091 628 modo
1122 583 1315 627 futurum
1345 596 1450 632 esse,
1490 586 1538 627 ut
1576 583 1842 628 adversarius
1881 585 2015 640 pilam
2056 585 2139 629 sibi
2179 587 2324 631 datam
2363 601 2498 643 neque
2537 589 2723 645 excipere

371 676 508 720 neque
538 664 754 707 remittere
783 662 942 716 posset.

578 738 691 782 Hinc
720 749 819 781 vero
851 736 933 779 duo
965 734 1220 778 efficiuntur.
1266 734 1479 777 Primum:
1511 733 1554 777 in
1584 733 1663 777 hoc
1686 734 1788 778 ludo
1810 735 2041 790 plurimum
2067 735 2276 790 interfuit,
2307 740 2355 782 ut
2385 739 2725 794 exciperetur

371 815 482 869 pila,
513 814 717 857 alterum:
757 812 847 867 pila
878 823 962 854 non
991 810 1126 864 primo
1154 810 1304 864 cuique
1331 810 1404 852 sed
1436 811 1577 852 certo
1596 810 1631 862 ²)
1662 809 1865 852 cuidam
1895 810 2028 854 lusori
2054 809 2245 861 dabatur,
2277 812 2319 854 id
2350 814 2461 867 quod
2485 815 2721 868 fragmento

370 888 626 944 Antiphanis
658 886 945 937 confirmatur,
978 885 1020 927 in
1051 896 1132 939 quo
1164 886 1291 938 poeta
1319 884 1482 934 ludum,
1516 884 1564 927 de
1596 897 1678 938 quo
1709 884 1963 938 quaerimus,
1996 885 2038 928 in
2068 885 2178 928 hunc
2209 886 2380 929 modum
2411 889 2620 933 illustrat:

1500 959 1666 1015 σφαῖραν
1697 957 1826 1014 λαβὼν

994 1036 1049 1090 τῷ
1075 1031 1144 1089 μὲν
1175 1032 1303 1081 διόοὐς
1335 1030 1482 1090 ἔχαιρε,
1514 1032 1578 1075 τὸν
1609 1031 1646 1076 δ’
1681 1030 1818 1091 ἔφευγ’
1853 1029 1937 1089 ἅμα

994 1108 1058 1150 τὸν
1090 1106 1126 1149 δ’
1162 1107 1374 1165 ἐξέκρουσε,
1406 1107 1469 1149 τὸν
1501 1106 1538 1149 δ’
1573 1106 1781 1164 ἀνέστησεν
1811 1107 1937 1151 πάλιν.

997 1186 1223 1239 κλαγκταῖσι
1254 1185 1401 1239 φωναῖς
1431 1215 1758 1226 .........

997 1256 1083 1309 ἔξω,
1115 1257 1280 1314 μακράν,
1310 1257 1404 1314 παρ’
1426 1256 1553 1308 αὐτόν,
1586 1257 1681 1315 ὑπὲρ
1713 1257 1840 1308 αὐτόν,
1871 1258 1990 1309 κάτω,

999 1330 1093 1383 ἄνω,
1125 1335 1313 1390 βραχεῖαν
1344 1332 1501 1383 ἀπόδος,
1533 1332 1822 1390 ἐγκατάστρεφε
1839 1335 1887 1388 ⁸).

373 1424 500 1467 quem
530 1411 687 1461 locum,
717 1422 814 1452 cum
845 1408 898 1451 ab
930 1409 1027 1450 aliis
1059 1409 1184 1451 aliter
1214 1421 1360 1450 versus
1391 1412 1518 1462 atque
1550 1409 1785 1462 explicatus
1816 1410 1885 1460 sit,
1917 1410 2112 1464 equidem
2143 1410 2204 1451 ita
2234 1410 2595 1463 interpretandum
2633 1423 2723 1453 esse

369 1486 643 1531 crediderim:
676 1482 845 1536 „Pilam
875 1483 1034 1526 tollens
1066 1483 1141 1525 alii
1174 1495 1268 1525 eam
1299 1483 1398 1524 dare
1428 1484 1657 1538 gaudebat,
1699 1484 1832 1526 alium
1877 1484 2005 1526 simul
2046 1484 2296 1537 effugiebat;
2340 1484 2474 1526 alium
2513 1483 2725 1540 (tertium)

370 1561 608 1616 decipieBat
624 1563 684 1610 ⁴);
715 1558 848 1602 alium
877 1558 1114 1613 (quartum)
1147 1571 1291 1600 rursus
1323 1558 1530 1601 incitabat
1546 1559 1580 1613 ⁵)
1611 1559 1737 1601 claris
1769 1559 1969 1601 vocibus“
2002 1572 2037 1601 e.
2072 1572 2111 1612 q.
2143 1572 2177 1601 S.

577 1633 662 1677 Cur
691 1633 877 1683 tandem,
915 1632 1007 1687 jam
1046 1645 1122 1674 nos
1163 1644 1327 1687 quoque
1367 1633 1622 1686 quaerimus,
1661 1632 1780 1676 lusor
1819 1633 1952 1687 pilam
1984 1632 2109 1675 alteri
2139 1632 2326 1687 praebet,
2367 1634 2550 1676 alterum
2580 1634 2724 1687 fugit?

374 1710 539 1766 Nempe
570 1709 670 1764 quia
698 1707 812 1750 haud
842 1707 1022 1761 ignorat,
1062 1707 1192 1749 istum
1234 1707 1347 1761 pilae
1389 1707 1656 1761 excipiendae
1697 1720 1789 1750 esse
1828 1707 2144 1762 peritissimum,
2186 1708 2369 1749 alterum
2400 1707 2503 1750 artis
2533 1708 2623 1750 eius
2654 1721 2725 1750 ex-

370 1787 547 1841 pertem.
607 1784 805 1837 Ideoque,
844 1782 983 1833 credo,
1024 1782 1199 1825 tertium
1238 1781 1460 1825 ludificans
1491 1785 1689 1837 quartum
1730 1783 1989 1833 adhortatur,
2032 1785 2080 1825 ut
2110 1783 2301 1825 animum
2331 1783 2537 1834 attendat,
2577 1796 2724 1837 quem-

370 1873 470 1904 nam
501 1860 545 1902 in
575 1859 717 1902 locum
747 1857 837 1912 pila
866 1857 1034 1900 abiecta
1064 1857 1259 1900 volatura
1290 1858 1357 1900 sit.

579 1933 697 1976 Haec
727 1932 816 1975 fere
857 1935 971 1984 sunt,
1010 1944 1117 1987 quae
1158 1933 1210 1975 ab
1250 1932 1491 1976 hominibus
1534 1932 1669 1976 doctis
1710 1933 1763 1975 ad
1802 1932 2104 1975 illustrandum
2135 1930 2294 1990 φενίνόα
2324 1932 2471 1975 ludum
2509 1933 2723 1988 hucusque

370 2010 656 2066 proferuntur.
716 2008 932 2059 Attamen,
972 2008 1016 2050 ui
1057 2007 1198 2059 fallor,
1243 2019 1291 2050 ea
1331 2020 1495 2062 quoque
1535 2009 1683 2051 eodem
1724 2008 1949 2062 pertinent,
1988 2021 2095 2062 quae
2127 2007 2324 2050 Sidonius
2357 2008 2617 2062 Apollinaris
2647 2009 2723 2062 Ep.

372 2086 424 2138 V,
443 2085 495 2127 17
528 2085 578 2127 de
608 2084 705 2127 lusu
737 2083 920 2137 quodam
950 2082 1076 2136 pilari
1106 2084 1251 2125 narrat
1269 2083 1323 2136 ⁰):
1357 2082 1467 2135 „Qui
1501 2082 1763 2136 (Filimatius
1789 2082 1852 2124 vir
1875 2082 2075 2136 illustris)
2104 2086 2244 2133 cum“,
2275 2083 2424 2136 inquit,
2456 2083 2724 2136 „frequenter

372 2161 550 2203 deloco
591 2161 782 2202 stantum
821 2157 1246 2199 medicurrentis
1285 2157 1470 2211 impulsu
1513 2160 1862 2207 summoveretur,
1904 2170 2017 2200 nunc
2058 2170 2223 2212 quoque
2262 2161 2457 2211 acceptus
2498 2157 2541 2199 in
2581 2169 2724 2199 aream

370 2235 483 2290 pilae
514 2236 604 2276 tam
636 2244 778 2276 coram
807 2231 1161 2286 praetervolantis
1192 2244 1320 2287 quam
1352 2233 1612 2287 superiectae
1651 2244 1729 2275 nec
1768 2232 2038 2275 intercideret
2080 2231 2297 2275 tramitem
2334 2245 2411 2275 nec
2451 2234 2630 2282 caveret,
2671 2231 2724 2273 ad

371 2373 456 2416 172)
492 2381 581 2415 quos
618 2370 753 2403 Becker
787 2369 909 2403 Gallus
946 2369 1011 2411 III,
1049 2380 1124 2413 pag.
1165 2372 1227 2405 131
1266 2372 1301 2403 et
1337 2369 1549 2413 Marquardt,
1585 2369 1845 2403 Privatalterth.
1873 2369 1919 2411 Π,
1953 2379 2018 2414 pag
2042 2372 2111 2406 423
2134 2369 2213 2403 adn.
2239 2372 2327 2407 3691
2360 2369 2513 2413 laudant,
2550 2367 2723 2414 pertinere

368 2429 555 2465 vldentur'
923 2473 1021 2517 „Nec
1046 2474 1115 2508 tibi
1140 2474 1320 2509 mobilitas
1345 2475 1460 2509 minor
1483 2476 1547 2517 est,
1574 2474 1605 2508 si
1630 2474 1717 2509 forte
1743 2473 1920 2509 volantem

947 2534 1021 2566 Aut
1045 2531 1222 2576 geminare
1247 2531 1355 2576 pilam
1380 2532 1481 2567 iuvat
1504 2534 1566 2567 aut
1589 2543 1752 2567 revocare
1777 2532 1971 2568 cadentem,

947 2588 994 2624 Et
1018 2600 1102 2624 non
1128 2592 1311 2632 sperato
1334 2590 1529 2633 fugientem
1553 2590 1697 2624 reddere
1721 2591 1886 2633 gestu.··

575 2647 605 2692 ¹)
631 2646 699 2681 Les
719 2646 807 2691 jeux
832 2646 895 2681 des
919 2646 1089 2690 Anciens,
1114 2657 1146 2691 p.
1174 2649 1240 2684 189
1265 2647 1354 2681 extr.

577 2705 607 2750 εἰ)
632 2705 676 2739 cf.
701 2704 833 2740 Pollux
857 2703 924 2748 IX,
952 2706 1037 2743 105:
1071 2703 1129 2740 τὸν
1164 2702 1332 2752 οἰόμενον.
1382 2705 1565 2740 Praeterea
1595 2705 1689 2739 Plut.
1716 2704 1817 2739 Alex.
1844 2716 1873 2739 c.
1899 2708 1961 2743 39:
1996 2703 2040 2745 ὼς
2075 2701 2134 2741 οὖν
2172 2704 2218 2744 εἰς
2251 2703 2290 2741 τὸ
2322 2706 2507 2754 σφαιρίζειν
2537 2703 2724 2754 παραγενό-

366 2777 471 2812 μενος
495 2762 685 2811 Σεραπίων,
718 2760 873 2802 ἄλλοις
898 2764 1022 2810 ἔβαλλε
1046 2762 1108 2809 τὴν
1135 2767 1292 2811 σφαῖραν,
1319 2762 1475 2802 εἰπόντος
1501 2764 1536 2799 δὲ
1561 2767 1622 2798 τοῦ
1648 2763 1833 2809 βασιλέως·
1870 2760 1988 2810 ,,Ἐρ.οὶ
2014 2760 2046 2797 δ’
2076 2761 2116 2798 ου’
2143 2763 2281 2807 ὀίόως“;
2315 2761 2365 2805 ,ου’
2390 2763 2453 2812 γὰρ
2479 2764 2594 2803 αἰτεῖς(
2620 2763 2723 2799 εἶπεν.

578 2820 608 2866 ⁸)
634 2818 891 2868 ἐγκατάστρεφε
923 2831 987 2855 nos
1019 2820 1185 2855 dedimus
1217 2833 1236 2855 e
1267 2821 1477 2864 conjectum.
1527 2820 1677 2863 Vulgata
1713 2822 1769 2853 est
1802 2821 2078 2867 ἑγκαταστρέφει,
2113 2831 2174 2863 pro
2202 2830 2272 2863 qua
2295 2819 2454 2855 Meineke
2480 2820 2559 2854 vult
2582 2821 2724 2867 ἐγκατα-

373 2879 522 2928 στρέφου
546 2877 684 2923 Fmgm.
710 2876 808 2913 Com.
834 2876 893 2912 Gr.
917 2876 983 2921 111,
1010 2880 1086 2916 136.

576 2936 606 2982 ⁴)
630 2935 787 2971 Eandem
817 2935 998 2972 notionem
1027 2935 1127 2971 verbi
1161 2934 1338 2985 ἐκκρούειν
1369 2935 1478 2971 habes
1501 2936 1595 2981 apud
1626 2935 1722 2970 Plut.
1748 2935 1848 2971 Rom.
1875 2935 1955 2981 Cap.
1984 2934 2133 2971 XXIII:
2168 2933 2185 2971 ὁ
2223 2937 2283 2983 μὲν
2305 2933 2488 2983 Ῥωμύλος
2519 2933 2621 2976 εὐθὺς
2654 2936 2722 2972 δεῖν

365 2991 690 3042 ᾤετο·κολάζεσθαι
712 2993 793 3034 τοὺς
818 2991 1059 3042 ἀδικήσαντας,
1085 2993 1103 3030 ὁ
1128 2996 1166 3030 δὲ
1191 2993 1315 3034 Τάτιος
1340 2994 1572 3042 ἐξέκρουσε
1597 2998 1655 3029 καὶ
1680 2997 1824 3042 παρῆγε.

578 3052 609 3097 ⁶)
634 3051 686 3087 De
710 3052 777 3087 hac
802 3051 902 3087 verbi
929 3050 1089 3100 ἀνίστημι
1114 3052 1290 3086 sententia
1312 3052 1357 3086 cf.
1383 3051 1486 3086 Hom.
1511 3051 1557 3085 Jl.
1583 3051 1626 3085 K.
1654 3055 1739 3089 176:

983 3107 1059 3145 60)ss
1090 3109 1137 3145 ἴθι
1161 3112 1231 3151 νῦν,
1257 3108 1389 3145 Αἴαντα
1412 3108 1522 3158 ταχὺν
1547 3111 1606 3144 καὶ
1631 3107 1762 3148 Φυλέος
1788 3108 1858 3144 υἱὸν
1880 3105 2126 3156 Ἆνστησον.

784 3168 821 3201 et
846 3166 885 3208 O,
911 3169 956 3204 64
1004 3164 1022 3201 ὃ
1048 3164 1079 3201 δ’
1109 3165 1271 3213 ἀνστήσει
1296 3163 1332 3202 ὃν
1358 3167 1493 3214 ἑταῖρον
1521 3164 1734 3214 Πάτροκλον.

576 3223 605 3268 ⁶)
630 3223 723 3268 apud
747 3222 965 3268 Marquardt,
990 3222 1174 3259 Privatalt.
1199 3223 1247 3267 Π,
1273 3234 1306 3268 p.
1330 3226 1409 3260 425.
